timestamp,symbol,price,quantity,trade_id,buyer_market_maker
"2025-08-06T14:07:53.076000","BTCUSDT",114465.88,0.09999,5136422311,true
"2025-08-06T14:07:53.076000","BTCUSDT",114465.88,0.00083,5136422312,true
"2025-08-06T14:07:53.076000","BTCUSDT",114465.88,0.04253,5136422313,true
"2025-08-06T14:07:53.076000","BTCUSDT",114465.88,0.04256,5136422314,true
"2025-08-06T14:07:53.076000","BTCUSDT",114465.88,0.00087,5136422315,true
"2025-08-06T14:07:53.076000","BTCUSDT",114465.88,0.00083,5136422316,true
"2025-08-06T14:07:53.076000","BTCUSDT",114465.88,0.0013,5136422317,true
"2025-08-06T14:07:53.076000","BTCUSDT",114465.88,0.000050,5136422318,true
"2025-08-06T14:07:53.076000","BTCUSDT",114465.88,0.000050,5136422319,true
"2025-08-06T14:07:53.076000","BTCUSDT",114465.88,0.00873,5136422320,true
"2025-08-06T14:07:53.076000","BTCUSDT",114465.88,0.000050,5136422321,true
"2025-08-06T14:07:53.076000","BTCUSDT",114465.88,0.000050,5136422322,true
"2025-08-06T14:07:53.076000","BTCUSDT",114465.88,0.00262,5136422323,true
"2025-08-06T14:07:53.076000","BTCUSDT",114465.88,0.000050,5136422324,true
"2025-08-06T14:07:53.076000","BTCUSDT",114465.88,0.000050,5136422325,true
"2025-08-06T14:07:53.076000","BTCUSDT",114465.88,0.00134,5136422326,true
"2025-08-06T14:07:53.076000","BTCUSDT",114465.88,0.00482,5136422327,true
"2025-08-06T14:07:53.076000","BTCUSDT",114465.88,0.000090,5136422328,true
"2025-08-06T14:07:53.076000","BTCUSDT",114465.88,0.000050,5136422329,true
"2025-08-06T14:07:53.076000","BTCUSDT",114465.88,0.000050,5136422330,true
"2025-08-06T14:07:53.076000","BTCUSDT",114465.88,0.000050,5136422331,true
"2025-08-06T14:07:53.076000","BTCUSDT",114465.88,0.000050,5136422332,true
"2025-08-06T14:07:53.076000","BTCUSDT",114465.88,0.000050,5136422333,true
"2025-08-06T14:07:53.076000","BTCUSDT",114465.88,0.000050,5136422334,true
"2025-08-06T14:07:53.076000","BTCUSDT",114465.88,0.000050,5136422335,true
"2025-08-06T14:07:53.076000","BTCUSDT",114465.88,0.000050,5136422336,true
"2025-08-06T14:07:53.076000","BTCUSDT",114465.88,0.000050,5136422337,true
"2025-08-06T14:07:53.076000","BTCUSDT",114465.88,0.000050,5136422338,true
"2025-08-06T14:07:53.076000","BTCUSDT",114465.88,0.000050,5136422339,true
"2025-08-06T14:07:53.076000","BTCUSDT",114465.88,0.000050,5136422340,true
"2025-08-06T14:07:53.075000","BTCUSDT",114465.88,0.00013,5136422309,true
"2025-08-06T14:07:53.075000","BTCUSDT",114465.88,0.01187,5136422310,true
"2025-08-06T14:07:52.902000","BTCUSDT",114465.88,0.00085,5136422308,true
"2025-08-06T14:07:52.890000","BTCUSDT",114465.89,0.00055,5136422307,false
"2025-08-06T14:07:52.524000","BTCUSDT",114465.88,0.00159,5136422306,true
"2025-08-06T14:07:52.150000","BTCUSDT",114465.89,0.000050,5136422304,false
"2025-08-06T14:07:52.150000","BTCUSDT",114465.89,0.00039,5136422305,false
"2025-08-06T14:07:51.963000","BTCUSDT",114465.88,0.00542,5136422303,true
"2025-08-06T14:07:51.905000","BTCUSDT",114465.88,0.00085,5136422302,true
"2025-08-06T14:07:51.431000","BTCUSDT",114465.88,0.000070,5136422301,true
"2025-08-06T14:07:51.177000","BTCUSDT",114465.88,0.00022,5136422300,true
"2025-08-06T14:07:51.021000","BTCUSDT",114465.88,0.19652,5136422298,true
"2025-08-06T14:07:51.021000","BTCUSDT",114465.88,0.10446,5136422299,true
"2025-08-06T14:07:50.899000","BTCUSDT",114465.88,0.00085,5136422297,true
"2025-08-06T14:07:50.291000","BTCUSDT",114465.89,0.00634,5136422296,false
"2025-08-06T14:07:50.209000","BTCUSDT",114465.88,0.000050,5136422292,true
"2025-08-06T14:07:50.209000","BTCUSDT",114465.88,0.0945,5136422293,true
"2025-08-06T14:07:50.209000","BTCUSDT",114465.88,0.1506,5136422294,true
"2025-08-06T14:07:50.209000","BTCUSDT",114465.88,0.10263,5136422295,true
"2025-08-06T14:07:50.209000","BTCUSDT",114465.88,0.32857,5136422287,true
"2025-08-06T14:07:50.209000","BTCUSDT",114465.88,0.1482,5136422288,true
"2025-08-06T14:07:50.209000","BTCUSDT",114465.88,0.0257,5136422289,true
"2025-08-06T14:07:50.209000","BTCUSDT",114465.88,0.1497,5136422290,true
"2025-08-06T14:07:50.209000","BTCUSDT",114465.88,0.000050,5136422291,true
"2025-08-06T14:07:49.900000","BTCUSDT",114465.88,0.00085,5136422286,true
"2025-08-06T14:07:48.934000","BTCUSDT",114465.89,0.00047,5136422285,false
"2025-08-06T14:07:48.902000","BTCUSDT",114465.88,0.00085,5136422284,true
"2025-08-06T14:07:48.840000","BTCUSDT",114465.89,0.00437,5136422283,false
"2025-08-06T14:07:48.632000","BTCUSDT",114465.88,0.000080,5136422282,true
"2025-08-06T14:07:48.278000","BTCUSDT",114465.89,0.000070,5136422281,false
"2025-08-06T14:07:48.222000","BTCUSDT",114465.88,0.00016,5136422280,true
"2025-08-06T14:07:47.898000","BTCUSDT",114465.88,0.00085,5136422279,true
"2025-08-06T14:07:47.888000","BTCUSDT",114465.89,0.000050,5136422278,false
"2025-08-06T14:07:47.864000","BTCUSDT",114465.88,0.00249,5136422277,true
"2025-08-06T14:07:47.081000","BTCUSDT",114465.88,0.00174,5136422276,true
"2025-08-06T14:07:46.898000","BTCUSDT",114465.88,0.00085,5136422275,true
"2025-08-06T14:07:46.106000","BTCUSDT",114465.88,0.00020,5136422274,true
"2025-08-06T14:07:46.051000","BTCUSDT",114465.89,0.00034,5136422273,false
"2025-08-06T14:07:45.931000","BTCUSDT",114465.88,0.00046,5136422272,true
"2025-08-06T14:07:45.896000","BTCUSDT",114465.88,0.00085,5136422271,true
"2025-08-06T14:07:45.722000","BTCUSDT",114465.88,0.0168,5136422270,true
"2025-08-06T14:07:45.594000","BTCUSDT",114465.88,0.00177,5136422269,true
"2025-08-06T14:07:45.098000","BTCUSDT",114465.89,0.000050,5136422256,false
"2025-08-06T14:07:45.098000","BTCUSDT",114465.89,0.000050,5136422257,false
"2025-08-06T14:07:45.098000","BTCUSDT",114465.89,0.000050,5136422258,false
"2025-08-06T14:07:45.098000","BTCUSDT",114465.89,0.000050,5136422259,false
"2025-08-06T14:07:45.098000","BTCUSDT",114465.89,0.000050,5136422260,false
"2025-08-06T14:07:45.098000","BTCUSDT",114465.89,0.000050,5136422261,false
"2025-08-06T14:07:45.098000","BTCUSDT",114465.89,0.000050,5136422262,false
"2025-08-06T14:07:45.098000","BTCUSDT",114465.89,0.000050,5136422263,false
"2025-08-06T14:07:45.098000","BTCUSDT",114465.89,0.000050,5136422264,false
"2025-08-06T14:07:45.098000","BTCUSDT",114465.89,0.000050,5136422265,false
"2025-08-06T14:07:45.098000","BTCUSDT",114465.89,0.000050,5136422266,false
"2025-08-06T14:07:45.098000","BTCUSDT",114465.89,0.000050,5136422267,false
"2025-08-06T14:07:45.098000","BTCUSDT",114465.89,0.000040,5136422268,false
"2025-08-06T14:07:44.900000","BTCUSDT",114465.88,0.00085,5136422255,true
"2025-08-06T14:07:44.855000","BTCUSDT",114465.88,0.00065,5136422254,true
"2025-08-06T14:07:44.828000","BTCUSDT",114465.88,0.00017,5136422253,true
"2025-08-06T14:07:44.743000","BTCUSDT",114463.99,0.000050,5136422232,false
"2025-08-06T14:07:44.743000","BTCUSDT",114463.99,0.000050,5136422233,false
"2025-08-06T14:07:44.743000","BTCUSDT",114463.99,0.00022,5136422234,false
"2025-08-06T14:07:44.743000","BTCUSDT",114463.99,0.000050,5136422235,false
"2025-08-06T14:07:44.743000","BTCUSDT",114463.99,0.000050,5136422236,false
"2025-08-06T14:07:44.743000","BTCUSDT",114464.0,0.000050,5136422237,false
"2025-08-06T14:07:44.743000","BTCUSDT",114464.0,0.000050,5136422238,false
"2025-08-06T14:07:44.743000","BTCUSDT",114464.0,0.000050,5136422239,false
"2025-08-06T14:07:44.743000","BTCUSDT",114464.0,0.01036,5136422240,false
"2025-08-06T14:07:44.743000","BTCUSDT",114464.0,0.000050,5136422241,false
"2025-08-06T14:07:44.743000","BTCUSDT",114464.0,0.00010,5136422242,false
"2025-08-06T14:07:44.743000","BTCUSDT",114464.0,0.000050,5136422243,false
"2025-08-06T14:07:44.743000","BTCUSDT",114464.0,0.000050,5136422244,false
"2025-08-06T14:07:44.743000","BTCUSDT",114464.0,0.000050,5136422245,false
"2025-08-06T14:07:44.743000","BTCUSDT",114464.0,0.000050,5136422246,false
"2025-08-06T14:07:44.743000","BTCUSDT",114464.0,0.000050,5136422247,false
"2025-08-06T14:07:44.743000","BTCUSDT",114464.01,0.000050,5136422248,false
"2025-08-06T14:07:44.743000","BTCUSDT",114464.01,0.0083,5136422249,false
"2025-08-06T14:07:44.743000","BTCUSDT",114464.01,0.00010,5136422250,false
"2025-08-06T14:07:44.743000","BTCUSDT",114464.01,0.000050,5136422251,false
"2025-08-06T14:07:44.743000","BTCUSDT",114464.38,0.000050,5136422252,false
"2025-08-06T14:07:44.743000","BTCUSDT",114461.6,0.03694,5136422163,false
"2025-08-06T14:07:44.743000","BTCUSDT",114461.6,0.00010,5136422164,false
"2025-08-06T14:07:44.743000","BTCUSDT",114461.6,0.000050,5136422165,false
"2025-08-06T14:07:44.743000","BTCUSDT",114461.6,0.000050,5136422166,false
"2025-08-06T14:07:44.743000","BTCUSDT",114461.6,0.000050,5136422167,false
"2025-08-06T14:07:44.743000","BTCUSDT",114461.6,0.000050,5136422168,false
"2025-08-06T14:07:44.743000","BTCUSDT",114461.6,0.000050,5136422169,false
"2025-08-06T14:07:44.743000","BTCUSDT",114461.6,0.000050,5136422170,false
"2025-08-06T14:07:44.743000","BTCUSDT",114461.6,0.000050,5136422171,false
"2025-08-06T14:07:44.743000","BTCUSDT",114461.6,0.000050,5136422172,false
"2025-08-06T14:07:44.743000","BTCUSDT",114461.6,0.000050,5136422173,false
"2025-08-06T14:07:44.743000","BTCUSDT",114461.6,0.000050,5136422174,false
"2025-08-06T14:07:44.743000","BTCUSDT",114461.6,0.000050,5136422175,false
"2025-08-06T14:07:44.743000","BTCUSDT",114461.6,0.000050,5136422176,false
"2025-08-06T14:07:44.743000","BTCUSDT",114461.6,0.000050,5136422177,false
"2025-08-06T14:07:44.743000","BTCUSDT",114461.6,0.000050,5136422178,false
"2025-08-06T14:07:44.743000","BTCUSDT",114461.6,0.00010,5136422179,false
"2025-08-06T14:07:44.743000","BTCUSDT",114461.6,0.000050,5136422180,false
"2025-08-06T14:07:44.743000","BTCUSDT",114461.6,0.000050,5136422181,false
"2025-08-06T14:07:44.743000","BTCUSDT",114461.6,0.000050,5136422182,false
"2025-08-06T14:07:44.743000","BTCUSDT",114461.6,0.000050,5136422183,false
"2025-08-06T14:07:44.743000","BTCUSDT",114461.6,0.00010,5136422184,false
"2025-08-06T14:07:44.743000","BTCUSDT",114461.6,0.000050,5136422185,false
"2025-08-06T14:07:44.743000","BTCUSDT",114461.6,0.000050,5136422186,false
"2025-08-06T14:07:44.743000","BTCUSDT",114461.6,0.000050,5136422187,false
"2025-08-06T14:07:44.743000","BTCUSDT",114461.6,0.000050,5136422188,false
"2025-08-06T14:07:44.743000","BTCUSDT",114461.6,0.000050,5136422189,false
"2025-08-06T14:07:44.743000","BTCUSDT",114461.6,0.000050,5136422190,false
"2025-08-06T14:07:44.743000","BTCUSDT",114461.6,0.00010,5136422191,false
"2025-08-06T14:07:44.743000","BTCUSDT",114461.6,0.000050,5136422192,false
"2025-08-06T14:07:44.743000","BTCUSDT",114461.6,0.000050,5136422193,false
"2025-08-06T14:07:44.743000","BTCUSDT",114461.6,0.000050,5136422194,false
"2025-08-06T14:07:44.743000","BTCUSDT",114461.6,0.000050,5136422195,false
"2025-08-06T14:07:44.743000","BTCUSDT",114461.6,0.000050,5136422196,false
"2025-08-06T14:07:44.743000","BTCUSDT",114461.6,0.000050,5136422197,false
"2025-08-06T14:07:44.743000","BTCUSDT",114461.6,0.000050,5136422198,false
"2025-08-06T14:07:44.743000","BTCUSDT",114461.6,0.000050,5136422199,false
"2025-08-06T14:07:44.743000","BTCUSDT",114461.6,0.000050,5136422200,false
"2025-08-06T14:07:44.743000","BTCUSDT",114461.6,0.000050,5136422201,false
"2025-08-06T14:07:44.743000","BTCUSDT",114461.6,0.000050,5136422202,false
"2025-08-06T14:07:44.743000","BTCUSDT",114461.6,0.000050,5136422203,false
"2025-08-06T14:07:44.743000","BTCUSDT",114461.6,0.000050,5136422204,false
"2025-08-06T14:07:44.743000","BTCUSDT",114461.6,0.000050,5136422205,false
"2025-08-06T14:07:44.743000","BTCUSDT",114461.61,0.000050,5136422206,false
"2025-08-06T14:07:44.743000","BTCUSDT",114461.61,0.000050,5136422207,false
"2025-08-06T14:07:44.743000","BTCUSDT",114461.61,0.000050,5136422208,false
"2025-08-06T14:07:44.743000","BTCUSDT",114461.61,0.000050,5136422209,false
"2025-08-06T14:07:44.743000","BTCUSDT",114461.61,0.00010,5136422210,false
"2025-08-06T14:07:44.743000","BTCUSDT",114461.61,0.000050,5136422211,false
"2025-08-06T14:07:44.743000","BTCUSDT",114461.61,0.000050,5136422212,false
"2025-08-06T14:07:44.743000","BTCUSDT",114461.61,0.000050,5136422213,false
"2025-08-06T14:07:44.743000","BTCUSDT",114461.61,0.000050,5136422214,false
"2025-08-06T14:07:44.743000","BTCUSDT",114461.61,0.000050,5136422215,false
"2025-08-06T14:07:44.743000","BTCUSDT",114461.61,0.000050,5136422216,false
"2025-08-06T14:07:44.743000","BTCUSDT",114462.09,0.000050,5136422217,false
"2025-08-06T14:07:44.743000","BTCUSDT",114463.26,0.000050,5136422218,false
"2025-08-06T14:07:44.743000","BTCUSDT",114463.26,0.000050,5136422219,false
"2025-08-06T14:07:44.743000","BTCUSDT",114463.26,0.000050,5136422220,false
"2025-08-06T14:07:44.743000","BTCUSDT",114463.26,0.000050,5136422221,false
"2025-08-06T14:07:44.743000","BTCUSDT",114463.26,0.000050,5136422222,false
"2025-08-06T14:07:44.743000","BTCUSDT",114463.26,0.000050,5136422223,false
"2025-08-06T14:07:44.743000","BTCUSDT",114463.26,0.000050,5136422224,false
"2025-08-06T14:07:44.743000","BTCUSDT",114463.26,0.000050,5136422225,false
"2025-08-06T14:07:44.743000","BTCUSDT",114463.96,0.000050,5136422226,false
"2025-08-06T14:07:44.743000","BTCUSDT",114463.96,0.000050,5136422227,false
"2025-08-06T14:07:44.743000","BTCUSDT",114463.96,0.000050,5136422228,false
"2025-08-06T14:07:44.743000","BTCUSDT",114463.96,0.000050,5136422229,false
"2025-08-06T14:07:44.743000","BTCUSDT",114463.96,0.000050,5136422230,false
"2025-08-06T14:07:44.743000","BTCUSDT",114463.96,0.000050,5136422231,false
"2025-08-06T14:07:44.740000","BTCUSDT",114461.6,0.00674,5136422162,false
"2025-08-06T14:07:44.627000","BTCUSDT",114461.59,0.00379,5136422160,true
"2025-08-06T14:07:44.627000","BTCUSDT",114461.59,0.00829,5136422161,true
"2025-08-06T14:07:44.386000","BTCUSDT",114461.59,0.0078,5136422159,true
"2025-08-06T14:07:44.382000","BTCUSDT",114461.59,0.000010,5136422126,false
"2025-08-06T14:07:44.382000","BTCUSDT",114461.59,0.00010,5136422127,false
"2025-08-06T14:07:44.382000","BTCUSDT",114461.59,0.00010,5136422128,false
"2025-08-06T14:07:44.382000","BTCUSDT",114461.59,0.000050,5136422129,false
"2025-08-06T14:07:44.382000","BTCUSDT",114461.59,0.00010,5136422130,false
"2025-08-06T14:07:44.382000","BTCUSDT",114461.59,0.000050,5136422131,false
"2025-08-06T14:07:44.382000","BTCUSDT",114461.59,0.000050,5136422132,false
"2025-08-06T14:07:44.382000","BTCUSDT",114461.59,0.000050,5136422133,false
"2025-08-06T14:07:44.382000","BTCUSDT",114461.59,0.000050,5136422134,false
"2025-08-06T14:07:44.382000","BTCUSDT",114461.59,0.000050,5136422135,false
"2025-08-06T14:07:44.382000","BTCUSDT",114461.59,0.000050,5136422136,false
"2025-08-06T14:07:44.382000","BTCUSDT",114461.59,0.000050,5136422137,false
"2025-08-06T14:07:44.382000","BTCUSDT",114461.59,0.000050,5136422138,false
"2025-08-06T14:07:44.382000","BTCUSDT",114461.59,0.000050,5136422139,false
"2025-08-06T14:07:44.382000","BTCUSDT",114461.59,0.000050,5136422140,false
"2025-08-06T14:07:44.382000","BTCUSDT",114461.59,0.000050,5136422141,false
"2025-08-06T14:07:44.382000","BTCUSDT",114461.59,0.000050,5136422142,false
"2025-08-06T14:07:44.382000","BTCUSDT",114461.59,0.000050,5136422143,false
"2025-08-06T14:07:44.382000","BTCUSDT",114461.59,0.000050,5136422144,false
"2025-08-06T14:07:44.382000","BTCUSDT",114461.59,0.000050,5136422145,false
"2025-08-06T14:07:44.382000","BTCUSDT",114461.59,0.000050,5136422146,false
"2025-08-06T14:07:44.382000","BTCUSDT",114461.59,0.00010,5136422147,false
"2025-08-06T14:07:44.382000","BTCUSDT",114461.59,0.000050,5136422148,false
"2025-08-06T14:07:44.382000","BTCUSDT",114461.59,0.000050,5136422149,false
"2025-08-06T14:07:44.382000","BTCUSDT",114461.59,0.000050,5136422150,false
"2025-08-06T14:07:44.382000","BTCUSDT",114461.59,0.000050,5136422151,false
"2025-08-06T14:07:44.382000","BTCUSDT",114461.59,0.000050,5136422152,false
"2025-08-06T14:07:44.382000","BTCUSDT",114461.59,0.000050,5136422153,false
"2025-08-06T14:07:44.382000","BTCUSDT",114461.59,0.000050,5136422154,false
"2025-08-06T14:07:44.382000","BTCUSDT",114461.59,0.000050,5136422155,false
"2025-08-06T14:07:44.382000","BTCUSDT",114461.59,0.000050,5136422156,false
"2025-08-06T14:07:44.382000","BTCUSDT",114461.59,0.000050,5136422157,false
"2025-08-06T14:07:44.382000","BTCUSDT",114461.59,0.000050,5136422158,false
"2025-08-06T14:07:44.317000","BTCUSDT",114461.58,0.000070,5136422125,true
"2025-08-06T14:07:44.279000","BTCUSDT",114460.0,0.00010,5136422100,false
"2025-08-06T14:07:44.279000","BTCUSDT",114460.0,0.000050,5136422101,false
"2025-08-06T14:07:44.279000","BTCUSDT",114460.0,0.000050,5136422102,false
"2025-08-06T14:07:44.279000","BTCUSDT",114460.01,0.000050,5136422103,false
"2025-08-06T14:07:44.279000","BTCUSDT",114460.01,0.0024,5136422104,false
"2025-08-06T14:07:44.279000","BTCUSDT",114460.01,0.000050,5136422105,false
"2025-08-06T14:07:44.279000","BTCUSDT",114460.01,0.00656,5136422106,false
"2025-08-06T14:07:44.279000","BTCUSDT",114460.01,0.00010,5136422107,false
"2025-08-06T14:07:44.279000","BTCUSDT",114460.01,0.000050,5136422108,false
"2025-08-06T14:07:44.279000","BTCUSDT",114460.01,0.000050,5136422109,false
"2025-08-06T14:07:44.279000","BTCUSDT",114460.01,0.000050,5136422110,false
"2025-08-06T14:07:44.279000","BTCUSDT",114460.01,0.000050,5136422111,false
"2025-08-06T14:07:44.279000","BTCUSDT",114460.01,0.000050,5136422112,false
"2025-08-06T14:07:44.279000","BTCUSDT",114460.01,0.000050,5136422113,false
"2025-08-06T14:07:44.279000","BTCUSDT",114460.01,0.000050,5136422114,false
"2025-08-06T14:07:44.279000","BTCUSDT",114460.01,0.000050,5136422115,false
"2025-08-06T14:07:44.279000","BTCUSDT",114460.01,0.000050,5136422116,false
"2025-08-06T14:07:44.279000","BTCUSDT",114460.01,0.000050,5136422117,false
"2025-08-06T14:07:44.279000","BTCUSDT",114460.01,0.000050,5136422118,false
"2025-08-06T14:07:44.279000","BTCUSDT",114460.01,0.000050,5136422119,false
"2025-08-06T14:07:44.279000","BTCUSDT",114460.01,0.000050,5136422120,false
"2025-08-06T14:07:44.279000","BTCUSDT",114460.01,0.000050,5136422121,false
"2025-08-06T14:07:44.279000","BTCUSDT",114460.01,0.000050,5136422122,false
"2025-08-06T14:07:44.279000","BTCUSDT",114460.95,0.000050,5136422123,false
"2025-08-06T14:07:44.279000","BTCUSDT",114461.59,0.000040,5136422124,false
"2025-08-06T14:07:44.279000","BTCUSDT",114460.0,0.00011,5136422086,false
"2025-08-06T14:07:44.279000","BTCUSDT",114460.0,0.000050,5136422087,false
"2025-08-06T14:07:44.279000","BTCUSDT",114460.0,0.000050,5136422088,false
"2025-08-06T14:07:44.279000","BTCUSDT",114460.0,0.00010,5136422089,false
"2025-08-06T14:07:44.279000","BTCUSDT",114460.0,0.000050,5136422090,false
"2025-08-06T14:07:44.279000","BTCUSDT",114460.0,0.00010,5136422091,false
"2025-08-06T14:07:44.279000","BTCUSDT",114460.0,0.000050,5136422092,false
"2025-08-06T14:07:44.279000","BTCUSDT",114460.0,0.000050,5136422093,false
"2025-08-06T14:07:44.279000","BTCUSDT",114460.0,0.00010,5136422094,false
"2025-08-06T14:07:44.279000","BTCUSDT",114460.0,0.000050,5136422095,false
"2025-08-06T14:07:44.279000","BTCUSDT",114460.0,0.000050,5136422096,false
"2025-08-06T14:07:44.279000","BTCUSDT",114460.0,0.000050,5136422097,false
"2025-08-06T14:07:44.279000","BTCUSDT",114460.0,0.000050,5136422098,false
"2025-08-06T14:07:44.279000","BTCUSDT",114460.0,0.000050,5136422099,false
"2025-08-06T14:07:44.278000","BTCUSDT",114460.0,0.000050,5136422056,false
"2025-08-06T14:07:44.278000","BTCUSDT",114460.0,0.000050,5136422057,false
"2025-08-06T14:07:44.278000","BTCUSDT",114460.0,0.000050,5136422058,false
"2025-08-06T14:07:44.278000","BTCUSDT",114460.0,0.00010,5136422059,false
"2025-08-06T14:07:44.278000","BTCUSDT",114460.0,0.000050,5136422060,false
"2025-08-06T14:07:44.278000","BTCUSDT",114460.0,0.000050,5136422061,false
"2025-08-06T14:07:44.278000","BTCUSDT",114460.0,0.000050,5136422062,false
"2025-08-06T14:07:44.278000","BTCUSDT",114460.0,0.000050,5136422063,false
"2025-08-06T14:07:44.278000","BTCUSDT",114460.0,0.000050,5136422064,false
"2025-08-06T14:07:44.278000","BTCUSDT",114460.0,0.000050,5136422065,false
"2025-08-06T14:07:44.278000","BTCUSDT",114460.0,0.000050,5136422066,false
"2025-08-06T14:07:44.278000","BTCUSDT",114460.0,0.000050,5136422067,false
"2025-08-06T14:07:44.278000","BTCUSDT",114460.0,0.00295,5136422068,false
"2025-08-06T14:07:44.278000","BTCUSDT",114460.0,0.00024,5136422069,false
"2025-08-06T14:07:44.278000","BTCUSDT",114460.0,0.00059,5136422070,false
"2025-08-06T14:07:44.278000","BTCUSDT",114460.0,0.00745,5136422071,false
"2025-08-06T14:07:44.278000","BTCUSDT",114460.0,0.00712,5136422072,false
"2025-08-06T14:07:44.278000","BTCUSDT",114460.0,0.000050,5136422073,false
"2025-08-06T14:07:44.278000","BTCUSDT",114460.0,0.000050,5136422074,false
"2025-08-06T14:07:44.278000","BTCUSDT",114460.0,0.000050,5136422075,false
"2025-08-06T14:07:44.278000","BTCUSDT",114460.0,0.000050,5136422076,false
"2025-08-06T14:07:44.278000","BTCUSDT",114460.0,0.000050,5136422077,false
"2025-08-06T14:07:44.278000","BTCUSDT",114460.0,0.000050,5136422078,false
"2025-08-06T14:07:44.278000","BTCUSDT",114460.0,0.000050,5136422079,false
"2025-08-06T14:07:44.278000","BTCUSDT",114460.0,0.000050,5136422080,false
"2025-08-06T14:07:44.278000","BTCUSDT",114460.0,0.000050,5136422081,false
"2025-08-06T14:07:44.278000","BTCUSDT",114460.0,0.000050,5136422082,false
"2025-08-06T14:07:44.278000","BTCUSDT",114460.0,0.000050,5136422083,false
"2025-08-06T14:07:44.278000","BTCUSDT",114460.0,0.000050,5136422084,false
"2025-08-06T14:07:44.278000","BTCUSDT",114460.0,0.00068,5136422085,false
"2025-08-06T14:07:43.919000","BTCUSDT",114459.99,0.00296,5136422055,true
"2025-08-06T14:07:43.900000","BTCUSDT",114459.99,0.00085,5136422054,true
"2025-08-06T14:07:43.749000","BTCUSDT",114460.0,0.00071,5136422053,false
"2025-08-06T14:07:43.631000","BTCUSDT",114460.0,0.0014,5136422052,false
"2025-08-06T14:07:43.093000","BTCUSDT",114460.0,0.00691,5136422050,false
"2025-08-06T14:07:43.093000","BTCUSDT",114460.0,0.00183,5136422051,false
"2025-08-06T14:07:42.895000","BTCUSDT",114459.99,0.00085,5136422049,true
"2025-08-06T14:07:42.770000","BTCUSDT",114460.0,0.0017,5136422048,false
"2025-08-06T14:07:42.615000","BTCUSDT",114459.99,0.00338,5136422046,true
"2025-08-06T14:07:42.615000","BTCUSDT",114459.99,0.00395,5136422047,true
"2025-08-06T14:07:42.029000","BTCUSDT",114460.0,0.000090,5136422045,false
"2025-08-06T14:07:42.024000","BTCUSDT",114460.0,0.00026,5136422044,false
"2025-08-06T14:07:41.896000","BTCUSDT",114459.99,0.000050,5136422033,true
"2025-08-06T14:07:41.896000","BTCUSDT",114459.99,0.000050,5136422034,true
"2025-08-06T14:07:41.896000","BTCUSDT",114459.99,0.000050,5136422035,true
"2025-08-06T14:07:41.896000","BTCUSDT",114459.99,0.000050,5136422036,true
"2025-08-06T14:07:41.896000","BTCUSDT",114459.99,0.000050,5136422037,true
"2025-08-06T14:07:41.896000","BTCUSDT",114459.99,0.000050,5136422038,true
"2025-08-06T14:07:41.896000","BTCUSDT",114459.99,0.000050,5136422039,true
"2025-08-06T14:07:41.896000","BTCUSDT",114459.99,0.000050,5136422040,true
"2025-08-06T14:07:41.896000","BTCUSDT",114459.99,0.000050,5136422041,true
"2025-08-06T14:07:41.896000","BTCUSDT",114459.99,0.00029,5136422042,true
"2025-08-06T14:07:41.896000","BTCUSDT",114459.99,0.00011,5136422043,true
"2025-08-06T14:07:41.674000","BTCUSDT",114460.0,0.00083,5136422032,false
"2025-08-06T14:07:41.322000","BTCUSDT",114459.99,0.000050,5136422023,true
"2025-08-06T14:07:41.322000","BTCUSDT",114459.99,0.000050,5136422024,true
"2025-08-06T14:07:41.322000","BTCUSDT",114459.99,0.000050,5136422025,true
"2025-08-06T14:07:41.322000","BTCUSDT",114459.99,0.000050,5136422026,true
"2025-08-06T14:07:41.322000","BTCUSDT",114459.99,0.000050,5136422027,true
"2025-08-06T14:07:41.322000","BTCUSDT",114459.99,0.000050,5136422028,true
"2025-08-06T14:07:41.322000","BTCUSDT",114459.99,0.000050,5136422029,true
"2025-08-06T14:07:41.322000","BTCUSDT",114459.99,0.000050,5136422030,true
"2025-08-06T14:07:41.322000","BTCUSDT",114459.99,0.00045,5136422031,true
"2025-08-06T14:07:40.912000","BTCUSDT",114460.0,0.00047,5136422022,false
"2025-08-06T14:07:40.755000","BTCUSDT",114460.0,0.000050,5136422001,true
"2025-08-06T14:07:40.755000","BTCUSDT",114460.0,0.000050,5136422002,true
"2025-08-06T14:07:40.755000","BTCUSDT",114460.0,0.00010,5136422003,true
"2025-08-06T14:07:40.755000","BTCUSDT",114460.0,0.000050,5136422004,true
"2025-08-06T14:07:40.755000","BTCUSDT",114460.0,0.000050,5136422005,true
"2025-08-06T14:07:40.755000","BTCUSDT",114460.0,0.000050,5136422006,true
"2025-08-06T14:07:40.755000","BTCUSDT",114460.0,0.00010,5136422007,true
"2025-08-06T14:07:40.755000","BTCUSDT",114460.0,0.000050,5136422008,true
"2025-08-06T14:07:40.755000","BTCUSDT",114460.0,0.000050,5136422009,true
"2025-08-06T14:07:40.755000","BTCUSDT",114460.0,0.000050,5136422010,true
"2025-08-06T14:07:40.755000","BTCUSDT",114460.0,0.00010,5136422011,true
"2025-08-06T14:07:40.755000","BTCUSDT",114460.0,0.00010,5136422012,true
"2025-08-06T14:07:40.755000","BTCUSDT",114460.0,0.000050,5136422013,true
"2025-08-06T14:07:40.755000","BTCUSDT",114460.0,0.00032,5136422014,true
"2025-08-06T14:07:40.755000","BTCUSDT",114460.0,0.000050,5136422015,true
"2025-08-06T14:07:40.755000","BTCUSDT",114460.0,0.000050,5136422016,true
"2025-08-06T14:07:40.755000","BTCUSDT",114460.0,0.000050,5136422017,true
"2025-08-06T14:07:40.755000","BTCUSDT",114460.0,0.000050,5136422018,true
"2025-08-06T14:07:40.755000","BTCUSDT",114460.0,0.000050,5136422019,true
"2025-08-06T14:07:40.755000","BTCUSDT",114460.0,0.000050,5136422020,true
"2025-08-06T14:07:40.755000","BTCUSDT",114460.0,0.000050,5136422021,true
"2025-08-06T14:07:40.635000","BTCUSDT",114460.0,0.00562,5136422000,true
"2025-08-06T14:07:37.069000","BNBUSDT",766.12,0.006,1121725193,true
"2025-08-06T14:07:37.069000","BNBUSDT",766.12,0.007,1121725194,true
"2025-08-06T14:07:37.069000","BNBUSDT",766.12,0.006,1121725195,true
"2025-08-06T14:07:37.063000","BNBUSDT",766.12,0.002,1121725188,true
"2025-08-06T14:07:37.063000","BNBUSDT",766.12,0.007,1121725189,true
"2025-08-06T14:07:37.063000","BNBUSDT",766.12,0.007,1121725190,true
"2025-08-06T14:07:37.063000","BNBUSDT",766.12,0.007,1121725191,true
"2025-08-06T14:07:37.063000","BNBUSDT",766.12,0.001,1121725192,true
"2025-08-06T14:07:37.034000","BNBUSDT",766.12,0.007,1121725185,true
"2025-08-06T14:07:37.034000","BNBUSDT",766.12,0.007,1121725186,true
"2025-08-06T14:07:37.034000","BNBUSDT",766.12,0.005,1121725187,true
"2025-08-06T14:07:36.973000","BNBUSDT",766.12,0.004,1121725181,true
"2025-08-06T14:07:36.973000","BNBUSDT",766.12,0.007,1121725182,true
"2025-08-06T14:07:36.973000","BNBUSDT",766.12,0.007,1121725183,true
"2025-08-06T14:07:36.973000","BNBUSDT",766.12,0.007,1121725184,true
"2025-08-06T14:07:36.930000","BNBUSDT",766.12,0.002,1121725177,true
"2025-08-06T14:07:36.930000","BNBUSDT",766.12,0.007,1121725178,true
"2025-08-06T14:07:36.930000","BNBUSDT",766.12,0.007,1121725179,true
"2025-08-06T14:07:36.930000","BNBUSDT",766.12,0.003,1121725180,true
"2025-08-06T14:07:36.904000","BNBUSDT",766.12,0.007,1121725174,true
"2025-08-06T14:07:36.904000","BNBUSDT",766.12,0.007,1121725175,true
"2025-08-06T14:07:36.904000","BNBUSDT",766.12,0.005,1121725176,true
"2025-08-06T14:07:36.804000","BNBUSDT",766.12,0.007,1121725171,true
"2025-08-06T14:07:36.804000","BNBUSDT",766.12,0.007,1121725172,true
"2025-08-06T14:07:36.804000","BNBUSDT",766.12,0.007,1121725173,true
"2025-08-06T14:07:36.798000","BNBUSDT",766.12,0.007,1121725169,true
"2025-08-06T14:07:36.798000","BNBUSDT",766.12,0.007,1121725170,true
"2025-08-06T14:07:36.792000","BNBUSDT",766.12,0.004,1121725166,true
"2025-08-06T14:07:36.792000","BNBUSDT",766.12,0.007,1121725167,true
"2025-08-06T14:07:36.792000","BNBUSDT",766.12,0.007,1121725168,true
"2025-08-06T14:07:36.786000","BNBUSDT",766.12,0.007,1121725161,true
"2025-08-06T14:07:36.786000","BNBUSDT",766.12,0.007,1121725162,true
"2025-08-06T14:07:36.786000","BNBUSDT",766.12,0.007,1121725163,true
"2025-08-06T14:07:36.786000","BNBUSDT",766.12,0.007,1121725164,true
"2025-08-06T14:07:36.786000","BNBUSDT",766.12,0.003,1121725165,true
"2025-08-06T14:07:36.758000","BNBUSDT",766.13,0.065,1121725160,false
"2025-08-06T14:07:36.718000","BNBUSDT",766.12,0.009,1121725153,true
"2025-08-06T14:07:36.718000","BNBUSDT",766.12,3.216,1121725154,true
"2025-08-06T14:07:36.718000","BNBUSDT",766.12,0.007,1121725155,true
"2025-08-06T14:07:36.718000","BNBUSDT",766.12,0.007,1121725156,true
"2025-08-06T14:07:36.718000","BNBUSDT",766.12,0.007,1121725157,true
"2025-08-06T14:07:36.718000","BNBUSDT",766.12,0.007,1121725158,true
"2025-08-06T14:07:36.718000","BNBUSDT",766.12,0.007,1121725159,true
"2025-08-06T14:07:36.624000","BNBUSDT",766.12,0.007,1121725146,true
"2025-08-06T14:07:36.624000","BNBUSDT",766.12,0.007,1121725147,true
"2025-08-06T14:07:36.624000","BNBUSDT",766.12,0.007,1121725148,true
"2025-08-06T14:07:36.624000","BNBUSDT",766.12,0.007,1121725149,true
"2025-08-06T14:07:36.624000","BNBUSDT",766.12,0.007,1121725150,true
"2025-08-06T14:07:36.624000","BNBUSDT",766.12,0.032,1121725151,true
"2025-08-06T14:07:36.624000","BNBUSDT",766.12,0.008,1121725152,true
"2025-08-06T14:07:36.321000","BNBUSDT",766.13,0.339,1121725145,false
"2025-08-06T14:07:36.077000","BNBUSDT",766.12,0.041,1121725144,true
"2025-08-06T14:07:36.019000","BNBUSDT",766.12,0.007,1121725138,true
"2025-08-06T14:07:36.019000","BNBUSDT",766.12,0.007,1121725139,true
"2025-08-06T14:07:36.019000","BNBUSDT",766.12,0.007,1121725140,true
"2025-08-06T14:07:36.019000","BNBUSDT",766.12,0.007,1121725141,true
"2025-08-06T14:07:36.019000","BNBUSDT",766.12,0.007,1121725142,true
"2025-08-06T14:07:36.019000","BNBUSDT",766.12,0.164,1121725143,true
"2025-08-06T14:07:35.655000","BNBUSDT",766.12,0.007,1121725133,true
"2025-08-06T14:07:35.655000","BNBUSDT",766.12,0.007,1121725134,true
"2025-08-06T14:07:35.655000","BNBUSDT",766.12,0.007,1121725135,true
"2025-08-06T14:07:35.655000","BNBUSDT",766.12,0.007,1121725136,true
"2025-08-06T14:07:35.655000","BNBUSDT",766.12,0.007,1121725137,true
"2025-08-06T14:07:35.536000","BNBUSDT",766.13,0.007,1121725125,true
"2025-08-06T14:07:35.536000","BNBUSDT",766.13,0.007,1121725126,true
"2025-08-06T14:07:35.536000","BNBUSDT",766.13,0.007,1121725127,true
"2025-08-06T14:07:35.536000","BNBUSDT",766.13,0.007,1121725128,true
"2025-08-06T14:07:35.536000","BNBUSDT",766.13,0.007,1121725129,true
"2025-08-06T14:07:35.536000","BNBUSDT",766.13,0.007,1121725130,true
"2025-08-06T14:07:35.536000","BNBUSDT",766.13,0.007,1121725131,true
"2025-08-06T14:07:35.536000","BNBUSDT",766.13,0.007,1121725132,true
"2025-08-06T14:07:35.494000","BNBUSDT",766.19,0.007,1121725106,true
"2025-08-06T14:07:35.494000","BNBUSDT",766.19,0.007,1121725107,true
"2025-08-06T14:07:35.494000","BNBUSDT",766.19,0.007,1121725108,true
"2025-08-06T14:07:35.494000","BNBUSDT",766.19,0.007,1121725109,true
"2025-08-06T14:07:35.494000","BNBUSDT",766.19,0.007,1121725110,true
"2025-08-06T14:07:35.494000","BNBUSDT",766.19,0.018,1121725111,true
"2025-08-06T14:07:35.494000","BNBUSDT",766.19,0.007,1121725112,true
"2025-08-06T14:07:35.494000","BNBUSDT",766.19,0.007,1121725113,true
"2025-08-06T14:07:35.494000","BNBUSDT",766.19,0.007,1121725114,true
"2025-08-06T14:07:35.494000","BNBUSDT",766.19,0.007,1121725115,true
"2025-08-06T14:07:35.494000","BNBUSDT",766.19,0.007,1121725116,true
"2025-08-06T14:07:35.494000","BNBUSDT",766.19,0.007,1121725117,true
"2025-08-06T14:07:35.494000","BNBUSDT",766.18,0.007,1121725118,true
"2025-08-06T14:07:35.494000","BNBUSDT",766.18,0.007,1121725119,true
"2025-08-06T14:07:35.494000","BNBUSDT",766.18,0.007,1121725120,true
"2025-08-06T14:07:35.494000","BNBUSDT",766.17,0.007,1121725121,true
"2025-08-06T14:07:35.494000","BNBUSDT",766.16,0.007,1121725122,true
"2025-08-06T14:07:35.494000","BNBUSDT",766.15,0.007,1121725123,true
"2025-08-06T14:07:35.494000","BNBUSDT",766.13,0.018,1121725124,true
"2025-08-06T14:07:35.425000","BNBUSDT",766.19,1.266,1121725105,true
"2025-08-06T14:07:34.944000","BNBUSDT",766.2,0.007,1121725102,true
"2025-08-06T14:07:34.944000","BNBUSDT",766.2,0.007,1121725103,true
"2025-08-06T14:07:34.944000","BNBUSDT",766.2,0.007,1121725104,true
"2025-08-06T14:07:34.943000","BNBUSDT",766.2,0.007,1121725094,true
"2025-08-06T14:07:34.943000","BNBUSDT",766.2,0.125,1121725095,true
"2025-08-06T14:07:34.943000","BNBUSDT",766.2,0.007,1121725096,true
"2025-08-06T14:07:34.943000","BNBUSDT",766.2,0.007,1121725097,true
"2025-08-06T14:07:34.943000","BNBUSDT",766.2,0.007,1121725098,true
"2025-08-06T14:07:34.943000","BNBUSDT",766.2,0.007,1121725099,true
"2025-08-06T14:07:34.943000","BNBUSDT",766.2,0.107,1121725100,true
"2025-08-06T14:07:34.943000","BNBUSDT",766.2,5.56,1121725101,true
"2025-08-06T14:07:33.786000","BNBUSDT",766.2,0.955,1121725085,false
"2025-08-06T14:07:33.786000","BNBUSDT",766.2,2.79,1121725086,false
"2025-08-06T14:07:33.786000","BNBUSDT",766.2,2.381,1121725087,false
"2025-08-06T14:07:33.786000","BNBUSDT",766.2,3.915,1121725088,false
"2025-08-06T14:07:33.786000","BNBUSDT",766.2,1.057,1121725089,false
"2025-08-06T14:07:33.786000","BNBUSDT",766.2,0.007,1121725090,false
"2025-08-06T14:07:33.786000","BNBUSDT",766.2,0.007,1121725091,false
"2025-08-06T14:07:33.786000","BNBUSDT",766.2,0.007,1121725092,false
"2025-08-06T14:07:33.786000","BNBUSDT",766.21,0.065,1121725093,false
"2025-08-06T14:07:33.786000","BNBUSDT",766.2,1.0,1121725076,false
"2025-08-06T14:07:33.786000","BNBUSDT",766.2,0.007,1121725077,false
"2025-08-06T14:07:33.786000","BNBUSDT",766.2,3.845,1121725078,false
"2025-08-06T14:07:33.786000","BNBUSDT",766.2,0.652,1121725079,false
"2025-08-06T14:07:33.786000","BNBUSDT",766.2,0.007,1121725080,false
"2025-08-06T14:07:33.786000","BNBUSDT",766.2,0.007,1121725081,false
"2025-08-06T14:07:33.786000","BNBUSDT",766.2,0.007,1121725082,false
"2025-08-06T14:07:33.786000","BNBUSDT",766.2,0.007,1121725083,false
"2025-08-06T14:07:33.786000","BNBUSDT",766.2,5.56,1121725084,false
"2025-08-06T14:07:33.007000","BNBUSDT",766.13,0.014,1121725048,false
"2025-08-06T14:07:33.007000","BNBUSDT",766.13,0.007,1121725049,false
"2025-08-06T14:07:33.007000","BNBUSDT",766.13,0.007,1121725050,false
"2025-08-06T14:07:33.007000","BNBUSDT",766.13,0.007,1121725051,false
"2025-08-06T14:07:33.007000","BNBUSDT",766.13,0.007,1121725052,false
"2025-08-06T14:07:33.007000","BNBUSDT",766.13,0.007,1121725053,false
"2025-08-06T14:07:33.007000","BNBUSDT",766.13,0.013,1121725054,false
"2025-08-06T14:07:33.007000","BNBUSDT",766.13,0.007,1121725055,false
"2025-08-06T14:07:33.007000","BNBUSDT",766.13,0.007,1121725056,false
"2025-08-06T14:07:33.007000","BNBUSDT",766.13,0.007,1121725057,false
"2025-08-06T14:07:33.007000","BNBUSDT",766.13,0.007,1121725058,false
"2025-08-06T14:07:33.007000","BNBUSDT",766.13,0.007,1121725059,false
"2025-08-06T14:07:33.007000","BNBUSDT",766.13,0.007,1121725060,false
"2025-08-06T14:07:33.007000","BNBUSDT",766.13,0.007,1121725061,false
"2025-08-06T14:07:33.007000","BNBUSDT",766.13,0.007,1121725062,false
"2025-08-06T14:07:33.007000","BNBUSDT",766.14,0.015,1121725063,false
"2025-08-06T14:07:33.007000","BNBUSDT",766.15,0.007,1121725064,false
"2025-08-06T14:07:33.007000","BNBUSDT",766.15,0.007,1121725065,false
"2025-08-06T14:07:33.007000","BNBUSDT",766.15,0.007,1121725066,false
"2025-08-06T14:07:33.007000","BNBUSDT",766.16,0.007,1121725067,false
"2025-08-06T14:07:33.007000","BNBUSDT",766.17,0.007,1121725068,false
"2025-08-06T14:07:33.007000","BNBUSDT",766.18,0.007,1121725069,false
"2025-08-06T14:07:33.007000","BNBUSDT",766.18,0.007,1121725070,false
"2025-08-06T14:07:33.007000","BNBUSDT",766.18,0.007,1121725071,false
"2025-08-06T14:07:33.007000","BNBUSDT",766.18,0.007,1121725072,false
"2025-08-06T14:07:33.007000","BNBUSDT",766.19,0.007,1121725073,false
"2025-08-06T14:07:33.007000","BNBUSDT",766.19,0.007,1121725074,false
"2025-08-06T14:07:33.007000","BNBUSDT",766.19,0.007,1121725075,false
"2025-08-06T14:07:32.989000","BNBUSDT",766.12,0.007,1121725044,false
"2025-08-06T14:07:32.989000","BNBUSDT",766.12,0.007,1121725045,false
"2025-08-06T14:07:32.989000","BNBUSDT",766.12,0.015,1121725046,false
"2025-08-06T14:07:32.989000","BNBUSDT",766.12,0.007,1121725047,false
"2025-08-06T14:07:32.988000","BNBUSDT",766.11,0.007,1121725032,false
"2025-08-06T14:07:32.988000","BNBUSDT",766.11,0.007,1121725033,false
"2025-08-06T14:07:32.988000","BNBUSDT",766.11,0.007,1121725034,false
"2025-08-06T14:07:32.988000","BNBUSDT",766.11,0.007,1121725035,false
"2025-08-06T14:07:32.988000","BNBUSDT",766.11,0.007,1121725036,false
"2025-08-06T14:07:32.988000","BNBUSDT",766.11,0.007,1121725037,false
"2025-08-06T14:07:32.988000","BNBUSDT",766.11,0.014,1121725038,false
"2025-08-06T14:07:32.988000","BNBUSDT",766.11,0.007,1121725039,false
"2025-08-06T14:07:32.988000","BNBUSDT",766.11,0.007,1121725040,false
"2025-08-06T14:07:32.988000","BNBUSDT",766.11,0.007,1121725041,false
"2025-08-06T14:07:32.988000","BNBUSDT",766.11,0.007,1121725042,false
"2025-08-06T14:07:32.988000","BNBUSDT",766.11,0.007,1121725043,false
"2025-08-06T14:07:32.849000","BNBUSDT",766.08,0.007,1121725018,false
"2025-08-06T14:07:32.849000","BNBUSDT",766.08,0.007,1121725019,false
"2025-08-06T14:07:32.849000","BNBUSDT",766.08,0.007,1121725020,false
"2025-08-06T14:07:32.849000","BNBUSDT",766.08,0.007,1121725021,false
"2025-08-06T14:07:32.849000","BNBUSDT",766.08,0.007,1121725022,false
"2025-08-06T14:07:32.849000","BNBUSDT",766.08,0.007,1121725023,false
"2025-08-06T14:07:32.849000","BNBUSDT",766.08,0.007,1121725024,false
"2025-08-06T14:07:32.849000","BNBUSDT",766.08,0.007,1121725025,false
"2025-08-06T14:07:32.849000","BNBUSDT",766.08,0.007,1121725026,false
"2025-08-06T14:07:32.849000","BNBUSDT",766.08,0.007,1121725027,false
"2025-08-06T14:07:32.849000","BNBUSDT",766.08,0.007,1121725028,false
"2025-08-06T14:07:32.849000","BNBUSDT",766.09,0.007,1121725029,false
"2025-08-06T14:07:32.849000","BNBUSDT",766.09,0.007,1121725030,false
"2025-08-06T14:07:32.849000","BNBUSDT",766.09,0.007,1121725031,false
"2025-08-06T14:07:32.844000","BNBUSDT",766.07,0.933,1121725016,true
"2025-08-06T14:07:32.844000","BNBUSDT",766.07,0.226,1121725017,true
"2025-08-06T14:07:32.565000","BNBUSDT",766.05,0.007,1121725003,false
"2025-08-06T14:07:32.565000","BNBUSDT",766.05,0.007,1121725004,false
"2025-08-06T14:07:32.565000","BNBUSDT",766.05,0.007,1121725005,false
"2025-08-06T14:07:32.565000","BNBUSDT",766.05,0.007,1121725006,false
"2025-08-06T14:07:32.565000","BNBUSDT",766.05,0.007,1121725007,false
"2025-08-06T14:07:32.565000","BNBUSDT",766.05,0.007,1121725008,false
"2025-08-06T14:07:32.565000","BNBUSDT",766.05,0.007,1121725009,false
"2025-08-06T14:07:32.565000","BNBUSDT",766.06,0.007,1121725010,false
"2025-08-06T14:07:32.565000","BNBUSDT",766.06,0.007,1121725011,false
"2025-08-06T14:07:32.565000","BNBUSDT",766.06,0.039,1121725012,false
"2025-08-06T14:07:32.565000","BNBUSDT",766.06,0.007,1121725013,false
"2025-08-06T14:07:32.565000","BNBUSDT",766.07,0.007,1121725014,false
"2025-08-06T14:07:32.565000","BNBUSDT",766.07,0.052,1121725015,false
"2025-08-06T14:07:32.559000","BNBUSDT",766.04,0.007,1121724992,false
"2025-08-06T14:07:32.559000","BNBUSDT",766.04,0.007,1121724993,false
"2025-08-06T14:07:32.559000","BNBUSDT",766.04,0.007,1121724994,false
"2025-08-06T14:07:32.559000","BNBUSDT",766.04,0.007,1121724995,false
"2025-08-06T14:07:32.559000","BNBUSDT",766.04,0.113,1121724996,false
"2025-08-06T14:07:32.559000","BNBUSDT",766.04,0.007,1121724997,false
"2025-08-06T14:07:32.559000","BNBUSDT",766.04,0.007,1121724998,false
"2025-08-06T14:07:32.559000","BNBUSDT",766.04,0.007,1121724999,false
"2025-08-06T14:07:32.559000","BNBUSDT",766.05,0.007,1121725000,false
"2025-08-06T14:07:32.559000","BNBUSDT",766.05,0.007,1121725001,false
"2025-08-06T14:07:32.559000","BNBUSDT",766.05,0.085,1121725002,false
"2025-08-06T14:07:31.977000","BNBUSDT",766.04,0.01,1121724991,false
"2025-08-06T14:07:31.582000","BNBUSDT",766.03,0.039,1121724990,true
"2025-08-06T14:07:31.204000","BNBUSDT",766.04,0.075,1121724978,false
"2025-08-06T14:07:31.204000","BNBUSDT",766.04,0.007,1121724979,false
"2025-08-06T14:07:31.204000","BNBUSDT",766.04,0.007,1121724980,false
"2025-08-06T14:07:31.204000","BNBUSDT",766.04,0.007,1121724981,false
"2025-08-06T14:07:31.204000","BNBUSDT",766.04,0.007,1121724982,false
"2025-08-06T14:07:31.204000","BNBUSDT",766.04,0.007,1121724983,false
"2025-08-06T14:07:31.204000","BNBUSDT",766.04,0.022,1121724984,false
"2025-08-06T14:07:31.204000","BNBUSDT",766.04,0.007,1121724985,false
"2025-08-06T14:07:31.204000","BNBUSDT",766.04,0.007,1121724986,false
"2025-08-06T14:07:31.204000","BNBUSDT",766.04,0.044,1121724987,false
"2025-08-06T14:07:31.204000","BNBUSDT",766.04,0.007,1121724988,false
"2025-08-06T14:07:31.204000","BNBUSDT",766.04,0.195,1121724989,false
"2025-08-06T14:07:30.847000","BNBUSDT",766.03,0.012,1121724977,true
"2025-08-06T14:07:30.275000","BNBUSDT",766.04,0.032,1121724976,false
"2025-08-06T14:07:30.193000","BNBUSDT",766.04,0.018,1121724975,false
"2025-08-06T14:07:29.872000","BNBUSDT",766.04,0.496,1121724974,false
"2025-08-06T14:07:29.796000","BNBUSDT",766.04,0.15,1121724973,false
"2025-08-06T14:07:29.741000","BNBUSDT",766.04,0.497,1121724972,false
"2025-08-06T14:07:29.584000","BNBUSDT",766.04,0.007,1121724970,false
"2025-08-06T14:07:29.584000","BNBUSDT",766.04,0.128,1121724971,false
"2025-08-06T14:07:29.566000","BNBUSDT",766.03,0.038,1121724969,true
"2025-08-06T14:07:29.529000","BNBUSDT",766.03,0.515,1121724968,true
"2025-08-06T14:07:28.752000","BNBUSDT",766.04,0.497,1121724967,false
"2025-08-06T14:07:28.743000","BNBUSDT",766.04,0.496,1121724966,false
"2025-08-06T14:07:28.647000","BNBUSDT",766.09,0.007,1121724953,true
"2025-08-06T14:07:28.647000","BNBUSDT",766.09,0.007,1121724954,true
"2025-08-06T14:07:28.647000","BNBUSDT",766.09,0.007,1121724955,true
"2025-08-06T14:07:28.647000","BNBUSDT",766.08,0.007,1121724956,true
"2025-08-06T14:07:28.647000","BNBUSDT",766.08,0.007,1121724957,true
"2025-08-06T14:07:28.647000","BNBUSDT",766.07,0.007,1121724958,true
"2025-08-06T14:07:28.647000","BNBUSDT",766.06,0.014,1121724959,true
"2025-08-06T14:07:28.647000","BNBUSDT",766.06,0.007,1121724960,true
"2025-08-06T14:07:28.647000","BNBUSDT",766.04,0.007,1121724961,true
"2025-08-06T14:07:28.647000","BNBUSDT",766.03,0.01,1121724962,true
"2025-08-06T14:07:28.647000","BNBUSDT",766.03,0.014,1121724963,true
"2025-08-06T14:07:28.647000","BNBUSDT",766.03,0.007,1121724964,true
"2025-08-06T14:07:28.647000","BNBUSDT",766.03,2.022,1121724965,true
"2025-08-06T14:07:28.647000","BNBUSDT",766.1,0.782,1121724940,true
"2025-08-06T14:07:28.647000","BNBUSDT",766.1,0.007,1121724941,true
"2025-08-06T14:07:28.647000","BNBUSDT",766.1,0.007,1121724942,true
"2025-08-06T14:07:28.647000","BNBUSDT",766.1,0.007,1121724943,true
"2025-08-06T14:07:28.647000","BNBUSDT",766.1,0.007,1121724944,true
"2025-08-06T14:07:28.647000","BNBUSDT",766.1,0.007,1121724945,true
"2025-08-06T14:07:28.647000","BNBUSDT",766.1,0.014,1121724946,true
"2025-08-06T14:07:28.647000","BNBUSDT",766.1,0.007,1121724947,true
"2025-08-06T14:07:28.647000","BNBUSDT",766.1,0.007,1121724948,true
"2025-08-06T14:07:28.647000","BNBUSDT",766.1,0.007,1121724949,true
"2025-08-06T14:07:28.647000","BNBUSDT",766.1,0.007,1121724950,true
"2025-08-06T14:07:28.647000","BNBUSDT",766.1,0.007,1121724951,true
"2025-08-06T14:07:28.647000","BNBUSDT",766.1,0.007,1121724952,true
"2025-08-06T14:07:28.537000","BNBUSDT",766.1,0.008,1121724938,true
"2025-08-06T14:07:28.537000","BNBUSDT",766.1,0.218,1121724939,true
"2025-08-06T14:07:28.501000","BNBUSDT",766.11,0.007,1121724930,true
"2025-08-06T14:07:28.501000","BNBUSDT",766.11,0.007,1121724931,true
"2025-08-06T14:07:28.501000","BNBUSDT",766.11,0.007,1121724932,true
"2025-08-06T14:07:28.501000","BNBUSDT",766.11,0.007,1121724933,true
"2025-08-06T14:07:28.501000","BNBUSDT",766.11,0.007,1121724934,true
"2025-08-06T14:07:28.501000","BNBUSDT",766.11,0.007,1121724935,true
"2025-08-06T14:07:28.501000","BNBUSDT",766.11,0.007,1121724936,true
"2025-08-06T14:07:28.501000","BNBUSDT",766.11,0.007,1121724937,true
"2025-08-06T14:07:28.459000","BNBUSDT",766.12,0.014,1121724925,true
"2025-08-06T14:07:28.459000","BNBUSDT",766.12,0.007,1121724926,true
"2025-08-06T14:07:28.459000","BNBUSDT",766.12,0.652,1121724927,true
"2025-08-06T14:07:28.459000","BNBUSDT",766.12,0.007,1121724928,true
"2025-08-06T14:07:28.459000","BNBUSDT",766.12,0.007,1121724929,true
"2025-08-06T14:07:28.458000","BNBUSDT",766.2,0.597,1121724888,true
"2025-08-06T14:07:28.458000","BNBUSDT",766.2,0.007,1121724889,true
"2025-08-06T14:07:28.458000","BNBUSDT",766.2,0.007,1121724890,true
"2025-08-06T14:07:28.458000","BNBUSDT",766.2,0.007,1121724891,true
"2025-08-06T14:07:28.458000","BNBUSDT",766.2,0.007,1121724892,true
"2025-08-06T14:07:28.458000","BNBUSDT",766.2,0.007,1121724893,true
"2025-08-06T14:07:28.458000","BNBUSDT",766.2,0.065,1121724894,true
"2025-08-06T14:07:28.458000","BNBUSDT",766.2,0.193,1121724895,true
"2025-08-06T14:07:28.458000","BNBUSDT",766.2,0.007,1121724896,true
"2025-08-06T14:07:28.458000","BNBUSDT",766.2,0.007,1121724897,true
"2025-08-06T14:07:28.458000","BNBUSDT",766.19,0.007,1121724898,true
"2025-08-06T14:07:28.458000","BNBUSDT",766.19,0.014,1121724899,true
"2025-08-06T14:07:28.458000","BNBUSDT",766.19,0.01,1121724900,true
"2025-08-06T14:07:28.458000","BNBUSDT",766.19,2.35,1121724901,true
"2025-08-06T14:07:28.458000","BNBUSDT",766.19,0.007,1121724902,true
"2025-08-06T14:07:28.458000","BNBUSDT",766.19,0.007,1121724903,true
"2025-08-06T14:07:28.458000","BNBUSDT",766.19,0.007,1121724904,true
"2025-08-06T14:07:28.458000","BNBUSDT",766.19,0.007,1121724905,true
"2025-08-06T14:07:28.458000","BNBUSDT",766.19,0.007,1121724906,true
"2025-08-06T14:07:28.458000","BNBUSDT",766.18,0.007,1121724907,true
"2025-08-06T14:07:28.458000","BNBUSDT",766.18,0.007,1121724908,true
"2025-08-06T14:07:28.458000","BNBUSDT",766.18,0.007,1121724909,true
"2025-08-06T14:07:28.458000","BNBUSDT",766.18,0.007,1121724910,true
"2025-08-06T14:07:28.458000","BNBUSDT",766.17,0.522,1121724911,true
"2025-08-06T14:07:28.458000","BNBUSDT",766.16,0.007,1121724912,true
"2025-08-06T14:07:28.458000","BNBUSDT",766.16,0.007,1121724913,true
"2025-08-06T14:07:28.458000","BNBUSDT",766.16,2.61,1121724914,true
"2025-08-06T14:07:28.458000","BNBUSDT",766.16,0.007,1121724915,true
"2025-08-06T14:07:28.458000","BNBUSDT",766.16,0.007,1121724916,true
"2025-08-06T14:07:28.458000","BNBUSDT",766.15,0.014,1121724917,true
"2025-08-06T14:07:28.458000","BNBUSDT",766.15,0.007,1121724918,true
"2025-08-06T14:07:28.458000","BNBUSDT",766.15,0.007,1121724919,true
"2025-08-06T14:07:28.458000","BNBUSDT",766.15,0.007,1121724920,true
"2025-08-06T14:07:28.458000","BNBUSDT",766.15,0.007,1121724921,true
"2025-08-06T14:07:28.458000","BNBUSDT",766.14,0.007,1121724922,true
"2025-08-06T14:07:28.458000","BNBUSDT",766.14,0.007,1121724923,true
"2025-08-06T14:07:28.458000","BNBUSDT",766.14,0.007,1121724924,true
"2025-08-06T14:07:28.321000","BNBUSDT",766.2,0.028,1121724887,true
"2025-08-06T14:07:28.320000","BNBUSDT",766.27,0.007,1121724867,true
"2025-08-06T14:07:28.320000","BNBUSDT",766.27,0.007,1121724868,true
"2025-08-06T14:07:28.320000","BNBUSDT",766.27,0.007,1121724869,true
"2025-08-06T14:07:28.320000","BNBUSDT",766.27,0.007,1121724870,true
"2025-08-06T14:07:28.320000","BNBUSDT",766.27,0.007,1121724871,true
"2025-08-06T14:07:28.320000","BNBUSDT",766.27,0.007,1121724872,true
"2025-08-06T14:07:28.320000","BNBUSDT",766.26,0.007,1121724873,true
"2025-08-06T14:07:28.320000","BNBUSDT",766.26,0.007,1121724874,true
"2025-08-06T14:07:28.320000","BNBUSDT",766.26,0.007,1121724875,true
"2025-08-06T14:07:28.320000","BNBUSDT",766.26,0.007,1121724876,true
"2025-08-06T14:07:28.320000","BNBUSDT",766.25,0.007,1121724877,true
"2025-08-06T14:07:28.320000","BNBUSDT",766.24,0.007,1121724878,true
"2025-08-06T14:07:28.320000","BNBUSDT",766.23,0.014,1121724879,true
"2025-08-06T14:07:28.320000","BNBUSDT",766.23,0.007,1121724880,true
"2025-08-06T14:07:28.320000","BNBUSDT",766.22,0.007,1121724881,true
"2025-08-06T14:07:28.320000","BNBUSDT",766.22,0.014,1121724882,true
"2025-08-06T14:07:28.320000","BNBUSDT",766.22,0.007,1121724883,true
"2025-08-06T14:07:28.320000","BNBUSDT",766.22,0.007,1121724884,true
"2025-08-06T14:07:28.320000","BNBUSDT",766.2,0.007,1121724885,true
"2025-08-06T14:07:28.320000","BNBUSDT",766.2,0.375,1121724886,true
"2025-08-06T14:07:28.311000","BNBUSDT",766.27,0.007,1121724865,true
"2025-08-06T14:07:28.311000","BNBUSDT",766.27,0.007,1121724866,true
"2025-08-06T14:07:28.300000","BNBUSDT",766.27,0.007,1121724860,true
"2025-08-06T14:07:28.300000","BNBUSDT",766.27,0.007,1121724861,true
"2025-08-06T14:07:28.300000","BNBUSDT",766.27,0.007,1121724862,true
"2025-08-06T14:07:28.300000","BNBUSDT",766.27,0.007,1121724863,true
"2025-08-06T14:07:28.300000","BNBUSDT",766.27,0.007,1121724864,true
"2025-08-06T14:07:28.265000","BNBUSDT",766.3,0.007,1121724851,true
"2025-08-06T14:07:28.265000","BNBUSDT",766.3,0.007,1121724852,true
"2025-08-06T14:07:28.265000","BNBUSDT",766.3,0.007,1121724853,true
"2025-08-06T14:07:28.265000","BNBUSDT",766.29,0.007,1121724854,true
"2025-08-06T14:07:28.265000","BNBUSDT",766.29,0.007,1121724855,true
"2025-08-06T14:07:28.265000","BNBUSDT",766.29,0.007,1121724856,true
"2025-08-06T14:07:28.265000","BNBUSDT",766.29,0.007,1121724857,true
"2025-08-06T14:07:28.265000","BNBUSDT",766.29,0.007,1121724858,true
"2025-08-06T14:07:28.265000","BNBUSDT",766.28,0.007,1121724859,true
"2025-08-06T14:07:28.263000","BNBUSDT",766.3,0.184,1121724840,true
"2025-08-06T14:07:28.263000","BNBUSDT",766.3,0.049,1121724841,true
"2025-08-06T14:07:28.263000","BNBUSDT",766.3,0.007,1121724842,true
"2025-08-06T14:07:28.263000","BNBUSDT",766.3,0.007,1121724843,true
"2025-08-06T14:07:28.263000","BNBUSDT",766.3,0.007,1121724844,true
"2025-08-06T14:07:28.263000","BNBUSDT",766.3,0.029,1121724845,true
"2025-08-06T14:07:28.263000","BNBUSDT",766.3,0.013,1121724846,true
"2025-08-06T14:07:28.263000","BNBUSDT",766.3,0.341,1121724847,true
"2025-08-06T14:07:28.263000","BNBUSDT",766.3,0.007,1121724848,true
"2025-08-06T14:07:28.263000","BNBUSDT",766.3,0.007,1121724849,true
"2025-08-06T14:07:28.263000","BNBUSDT",766.3,0.007,1121724850,true
"2025-08-06T14:07:28.255000","BNBUSDT",766.3,0.03,1121724839,true
"2025-08-06T14:07:28.212000","BNBUSDT",766.3,0.116,1121724835,true
"2025-08-06T14:07:28.212000","BNBUSDT",766.3,0.007,1121724836,true
"2025-08-06T14:07:28.212000","BNBUSDT",766.3,0.007,1121724837,true
"2025-08-06T14:07:28.212000","BNBUSDT",766.3,1.158,1121724838,true
"2025-08-06T14:07:27.664000","BNBUSDT",766.3,0.009,1121724834,true
"2025-08-06T14:07:27.322000","BNBUSDT",766.3,0.007,1121724833,true
"2025-08-06T14:07:27.060000","BNBUSDT",766.3,1.0,1121724832,true
"2025-08-06T14:07:27.054000","BNBUSDT",766.3,0.013,1121724831,true
"2025-08-06T14:07:26.866000","BNBUSDT",766.31,0.055,1121724830,false
"2025-08-06T14:07:26.809000","BNBUSDT",766.31,0.007,1121724829,false
"2025-08-06T14:07:26.792000","BNBUSDT",766.31,0.039,1121724828,false
"2025-08-06T14:07:26.754000","BNBUSDT",766.31,0.055,1121724827,false
"2025-08-06T14:07:26.750000","BNBUSDT",766.31,0.065,1121724826,false
"2025-08-06T14:07:26.743000","BNBUSDT",766.31,0.055,1121724825,false
"2025-08-06T14:07:26.741000","BNBUSDT",766.31,0.055,1121724824,false
"2025-08-06T14:07:26.610000","BNBUSDT",766.3,0.117,1121724823,true
"2025-08-06T14:07:26.595000","BNBUSDT",766.31,0.007,1121724818,false
"2025-08-06T14:07:26.595000","BNBUSDT",766.31,0.007,1121724819,false
"2025-08-06T14:07:26.595000","BNBUSDT",766.31,0.007,1121724820,false
"2025-08-06T14:07:26.595000","BNBUSDT",766.31,0.007,1121724821,false
"2025-08-06T14:07:26.595000","BNBUSDT",766.31,0.01,1121724822,false
"2025-08-06T14:07:26.495000","BNBUSDT",766.3,3.399,1121724817,true
"2025-08-06T14:07:26.179000","BNBUSDT",766.3,0.01,1121724816,true
"2025-08-06T14:07:26.069000","BNBUSDT",766.31,0.041,1121724815,false
"2025-08-06T14:07:25.750000","BNBUSDT",766.31,0.014,1121724812,false
"2025-08-06T14:07:25.750000","BNBUSDT",766.31,0.007,1121724813,false
"2025-08-06T14:07:25.750000","BNBUSDT",766.31,0.509,1121724814,false
"2025-08-06T14:02:35.177000","SOLUSDT",164.8,0.024,1448573340,true
"2025-08-06T14:02:35.177000","SOLUSDT",164.8,0.032,1448573341,true
"2025-08-06T14:02:35.177000","SOLUSDT",164.8,0.032,1448573342,true
"2025-08-06T14:02:35.177000","SOLUSDT",164.8,0.032,1448573343,true
"2025-08-06T14:02:35.177000","SOLUSDT",164.8,0.032,1448573344,true
"2025-08-06T14:02:35.177000","SOLUSDT",164.8,0.032,1448573345,true
"2025-08-06T14:02:35.177000","SOLUSDT",164.8,0.032,1448573346,true
"2025-08-06T14:02:35.177000","SOLUSDT",164.8,0.032,1448573347,true
"2025-08-06T14:02:35.177000","SOLUSDT",164.8,0.032,1448573348,true
"2025-08-06T14:02:35.177000","SOLUSDT",164.8,0.032,1448573349,true
"2025-08-06T14:02:35.177000","SOLUSDT",164.8,0.032,1448573350,true
"2025-08-06T14:02:34.889000","SOLUSDT",164.81,0.066,1448573339,false
"2025-08-06T14:02:34.742000","SOLUSDT",164.8,0.062,1448573317,true
"2025-08-06T14:02:34.742000","SOLUSDT",164.8,0.061,1448573318,true
"2025-08-06T14:02:34.742000","SOLUSDT",164.8,0.032,1448573319,true
"2025-08-06T14:02:34.742000","SOLUSDT",164.8,0.032,1448573320,true
"2025-08-06T14:02:34.742000","SOLUSDT",164.8,0.032,1448573321,true
"2025-08-06T14:02:34.742000","SOLUSDT",164.8,0.032,1448573322,true
"2025-08-06T14:02:34.742000","SOLUSDT",164.8,0.032,1448573323,true
"2025-08-06T14:02:34.742000","SOLUSDT",164.8,0.032,1448573324,true
"2025-08-06T14:02:34.742000","SOLUSDT",164.8,0.032,1448573325,true
"2025-08-06T14:02:34.742000","SOLUSDT",164.8,0.032,1448573326,true
"2025-08-06T14:02:34.742000","SOLUSDT",164.8,0.032,1448573327,true
"2025-08-06T14:02:34.742000","SOLUSDT",164.8,0.032,1448573328,true
"2025-08-06T14:02:34.742000","SOLUSDT",164.8,0.032,1448573329,true
"2025-08-06T14:02:34.742000","SOLUSDT",164.8,0.032,1448573330,true
"2025-08-06T14:02:34.742000","SOLUSDT",164.8,0.05,1448573331,true
"2025-08-06T14:02:34.742000","SOLUSDT",164.8,0.032,1448573332,true
"2025-08-06T14:02:34.742000","SOLUSDT",164.8,0.032,1448573333,true
"2025-08-06T14:02:34.742000","SOLUSDT",164.8,0.032,1448573334,true
"2025-08-06T14:02:34.742000","SOLUSDT",164.8,0.032,1448573335,true
"2025-08-06T14:02:34.742000","SOLUSDT",164.8,0.032,1448573336,true
"2025-08-06T14:02:34.742000","SOLUSDT",164.8,1.276,1448573337,true
"2025-08-06T14:02:34.742000","SOLUSDT",164.8,0.007,1448573338,true
"2025-08-06T14:02:33.814000","SOLUSDT",164.81,0.032,1448573300,true
"2025-08-06T14:02:33.814000","SOLUSDT",164.81,0.032,1448573301,true
"2025-08-06T14:02:33.814000","SOLUSDT",164.81,0.032,1448573302,true
"2025-08-06T14:02:33.814000","SOLUSDT",164.81,0.032,1448573303,true
"2025-08-06T14:02:33.814000","SOLUSDT",164.81,0.032,1448573304,true
"2025-08-06T14:02:33.814000","SOLUSDT",164.81,0.032,1448573305,true
"2025-08-06T14:02:33.814000","SOLUSDT",164.81,0.031,1448573306,true
"2025-08-06T14:02:33.814000","SOLUSDT",164.81,0.032,1448573307,true
"2025-08-06T14:02:33.814000","SOLUSDT",164.81,0.042,1448573308,true
"2025-08-06T14:02:33.814000","SOLUSDT",164.81,0.032,1448573309,true
"2025-08-06T14:02:33.814000","SOLUSDT",164.81,0.032,1448573310,true
"2025-08-06T14:02:33.814000","SOLUSDT",164.81,0.032,1448573311,true
"2025-08-06T14:02:33.814000","SOLUSDT",164.81,0.042,1448573312,true
"2025-08-06T14:02:33.814000","SOLUSDT",164.81,0.121,1448573313,true
"2025-08-06T14:02:33.814000","SOLUSDT",164.81,0.032,1448573314,true
"2025-08-06T14:02:33.814000","SOLUSDT",164.81,0.032,1448573315,true
"2025-08-06T14:02:33.814000","SOLUSDT",164.81,0.032,1448573316,true
"2025-08-06T14:02:33.814000","SOLUSDT",164.81,0.055,1448573298,true
"2025-08-06T14:02:33.814000","SOLUSDT",164.81,13.489,1448573299,true
"2025-08-06T14:02:33.782000","SOLUSDT",164.82,0.032,1448573284,true
"2025-08-06T14:02:33.782000","SOLUSDT",164.82,0.032,1448573285,true
"2025-08-06T14:02:33.782000","SOLUSDT",164.82,0.032,1448573286,true
"2025-08-06T14:02:33.782000","SOLUSDT",164.82,0.032,1448573287,true
"2025-08-06T14:02:33.782000","SOLUSDT",164.82,0.032,1448573288,true
"2025-08-06T14:02:33.782000","SOLUSDT",164.82,0.032,1448573289,true
"2025-08-06T14:02:33.782000","SOLUSDT",164.82,0.032,1448573290,true
"2025-08-06T14:02:33.782000","SOLUSDT",164.82,0.032,1448573291,true
"2025-08-06T14:02:33.782000","SOLUSDT",164.82,0.032,1448573292,true
"2025-08-06T14:02:33.782000","SOLUSDT",164.82,0.032,1448573293,true
"2025-08-06T14:02:33.782000","SOLUSDT",164.82,0.031,1448573294,true
"2025-08-06T14:02:33.782000","SOLUSDT",164.82,0.032,1448573295,true
"2025-08-06T14:02:33.782000","SOLUSDT",164.81,0.031,1448573296,true
"2025-08-06T14:02:33.782000","SOLUSDT",164.81,0.006,1448573297,true
"2025-08-06T14:02:33.772000","SOLUSDT",164.82,0.031,1448573264,true
"2025-08-06T14:02:33.772000","SOLUSDT",164.82,0.046,1448573265,true
"2025-08-06T14:02:33.772000","SOLUSDT",164.82,0.061,1448573266,true
"2025-08-06T14:02:33.772000","SOLUSDT",164.82,0.031,1448573267,true
"2025-08-06T14:02:33.772000","SOLUSDT",164.82,0.032,1448573268,true
"2025-08-06T14:02:33.772000","SOLUSDT",164.82,0.032,1448573269,true
"2025-08-06T14:02:33.772000","SOLUSDT",164.82,0.034,1448573270,true
"2025-08-06T14:02:33.772000","SOLUSDT",164.82,0.032,1448573271,true
"2025-08-06T14:02:33.772000","SOLUSDT",164.82,0.032,1448573272,true
"2025-08-06T14:02:33.772000","SOLUSDT",164.82,0.032,1448573273,true
"2025-08-06T14:02:33.772000","SOLUSDT",164.82,0.032,1448573274,true
"2025-08-06T14:02:33.772000","SOLUSDT",164.82,0.032,1448573275,true
"2025-08-06T14:02:33.772000","SOLUSDT",164.82,0.032,1448573276,true
"2025-08-06T14:02:33.772000","SOLUSDT",164.82,0.032,1448573277,true
"2025-08-06T14:02:33.772000","SOLUSDT",164.82,0.032,1448573278,true
"2025-08-06T14:02:33.772000","SOLUSDT",164.82,0.032,1448573279,true
"2025-08-06T14:02:33.772000","SOLUSDT",164.82,0.032,1448573280,true
"2025-08-06T14:02:33.772000","SOLUSDT",164.82,0.032,1448573281,true
"2025-08-06T14:02:33.772000","SOLUSDT",164.82,0.032,1448573282,true
"2025-08-06T14:02:33.772000","SOLUSDT",164.82,0.121,1448573283,true
"2025-08-06T14:02:33.756000","SOLUSDT",164.83,0.031,1448573243,true
"2025-08-06T14:02:33.756000","SOLUSDT",164.83,0.061,1448573244,true
"2025-08-06T14:02:33.756000","SOLUSDT",164.83,0.032,1448573245,true
"2025-08-06T14:02:33.756000","SOLUSDT",164.83,0.032,1448573246,true
"2025-08-06T14:02:33.756000","SOLUSDT",164.83,0.032,1448573247,true
"2025-08-06T14:02:33.756000","SOLUSDT",164.83,0.032,1448573248,true
"2025-08-06T14:02:33.756000","SOLUSDT",164.83,0.032,1448573249,true
"2025-08-06T14:02:33.756000","SOLUSDT",164.83,0.032,1448573250,true
"2025-08-06T14:02:33.756000","SOLUSDT",164.83,0.032,1448573251,true
"2025-08-06T14:02:33.756000","SOLUSDT",164.83,0.032,1448573252,true
"2025-08-06T14:02:33.756000","SOLUSDT",164.83,0.032,1448573253,true
"2025-08-06T14:02:33.756000","SOLUSDT",164.83,0.032,1448573254,true
"2025-08-06T14:02:33.756000","SOLUSDT",164.83,2.546,1448573255,true
"2025-08-06T14:02:33.756000","SOLUSDT",164.83,0.032,1448573256,true
"2025-08-06T14:02:33.756000","SOLUSDT",164.83,0.032,1448573257,true
"2025-08-06T14:02:33.756000","SOLUSDT",164.83,0.032,1448573258,true
"2025-08-06T14:02:33.756000","SOLUSDT",164.83,0.032,1448573259,true
"2025-08-06T14:02:33.756000","SOLUSDT",164.83,0.121,1448573260,true
"2025-08-06T14:02:33.756000","SOLUSDT",164.83,0.032,1448573261,true
"2025-08-06T14:02:33.756000","SOLUSDT",164.83,0.032,1448573262,true
"2025-08-06T14:02:33.756000","SOLUSDT",164.83,0.032,1448573263,true
"2025-08-06T14:02:33.307000","SOLUSDT",164.84,0.895,1448573242,false
"2025-08-06T14:02:32.896000","SOLUSDT",164.84,0.032,1448573239,true
"2025-08-06T14:02:32.896000","SOLUSDT",164.84,0.032,1448573240,true
"2025-08-06T14:02:32.896000","SOLUSDT",164.84,0.032,1448573241,true
"2025-08-06T14:02:32.896000","SOLUSDT",164.84,0.031,1448573215,true
"2025-08-06T14:02:32.896000","SOLUSDT",164.84,0.032,1448573216,true
"2025-08-06T14:02:32.896000","SOLUSDT",164.84,0.032,1448573217,true
"2025-08-06T14:02:32.896000","SOLUSDT",164.84,0.032,1448573218,true
"2025-08-06T14:02:32.896000","SOLUSDT",164.84,0.032,1448573219,true
"2025-08-06T14:02:32.896000","SOLUSDT",164.84,0.032,1448573220,true
"2025-08-06T14:02:32.896000","SOLUSDT",164.84,0.061,1448573221,true
"2025-08-06T14:02:32.896000","SOLUSDT",164.84,0.062,1448573222,true
"2025-08-06T14:02:32.896000","SOLUSDT",164.84,0.032,1448573223,true
"2025-08-06T14:02:32.896000","SOLUSDT",164.84,0.032,1448573224,true
"2025-08-06T14:02:32.896000","SOLUSDT",164.84,0.032,1448573225,true
"2025-08-06T14:02:32.896000","SOLUSDT",164.84,0.032,1448573226,true
"2025-08-06T14:02:32.896000","SOLUSDT",164.84,0.032,1448573227,true
"2025-08-06T14:02:32.896000","SOLUSDT",164.84,0.042,1448573228,true
"2025-08-06T14:02:32.896000","SOLUSDT",164.84,0.032,1448573229,true
"2025-08-06T14:02:32.896000","SOLUSDT",164.84,0.042,1448573230,true
"2025-08-06T14:02:32.896000","SOLUSDT",164.84,0.032,1448573231,true
"2025-08-06T14:02:32.896000","SOLUSDT",164.84,0.032,1448573232,true
"2025-08-06T14:02:32.896000","SOLUSDT",164.84,0.032,1448573233,true
"2025-08-06T14:02:32.896000","SOLUSDT",164.84,0.121,1448573234,true
"2025-08-06T14:02:32.896000","SOLUSDT",164.84,0.032,1448573235,true
"2025-08-06T14:02:32.896000","SOLUSDT",164.84,0.032,1448573236,true
"2025-08-06T14:02:32.896000","SOLUSDT",164.84,0.032,1448573237,true
"2025-08-06T14:02:32.896000","SOLUSDT",164.84,0.032,1448573238,true
"2025-08-06T14:02:32.783000","SOLUSDT",164.85,0.06,1448573214,false
"2025-08-06T14:02:32.745000","SOLUSDT",164.85,1.213,1448573213,false
"2025-08-06T14:02:32.688000","SOLUSDT",164.85,0.031,1448573192,true
"2025-08-06T14:02:32.688000","SOLUSDT",164.85,0.032,1448573193,true
"2025-08-06T14:02:32.688000","SOLUSDT",164.85,0.032,1448573194,true
"2025-08-06T14:02:32.688000","SOLUSDT",164.85,0.032,1448573195,true
"2025-08-06T14:02:32.688000","SOLUSDT",164.85,0.032,1448573196,true
"2025-08-06T14:02:32.688000","SOLUSDT",164.85,0.032,1448573197,true
"2025-08-06T14:02:32.688000","SOLUSDT",164.85,0.061,1448573198,true
"2025-08-06T14:02:32.688000","SOLUSDT",164.85,0.032,1448573199,true
"2025-08-06T14:02:32.688000","SOLUSDT",164.85,0.032,1448573200,true
"2025-08-06T14:02:32.688000","SOLUSDT",164.85,0.032,1448573201,true
"2025-08-06T14:02:32.688000","SOLUSDT",164.85,0.032,1448573202,true
"2025-08-06T14:02:32.688000","SOLUSDT",164.85,0.032,1448573203,true
"2025-08-06T14:02:32.688000","SOLUSDT",164.85,7.633,1448573204,true
"2025-08-06T14:02:32.688000","SOLUSDT",164.85,0.031,1448573205,true
"2025-08-06T14:02:32.688000","SOLUSDT",164.85,0.032,1448573206,true
"2025-08-06T14:02:32.688000","SOLUSDT",164.85,0.032,1448573207,true
"2025-08-06T14:02:32.688000","SOLUSDT",164.85,0.032,1448573208,true
"2025-08-06T14:02:32.688000","SOLUSDT",164.85,0.032,1448573209,true
"2025-08-06T14:02:32.688000","SOLUSDT",164.85,0.032,1448573210,true
"2025-08-06T14:02:32.688000","SOLUSDT",164.85,0.032,1448573211,true
"2025-08-06T14:02:32.688000","SOLUSDT",164.85,0.032,1448573212,true
"2025-08-06T14:02:32.614000","SOLUSDT",164.86,17.141,1448573173,true
"2025-08-06T14:02:32.614000","SOLUSDT",164.86,0.032,1448573174,true
"2025-08-06T14:02:32.614000","SOLUSDT",164.86,0.032,1448573175,true
"2025-08-06T14:02:32.614000","SOLUSDT",164.86,0.032,1448573176,true
"2025-08-06T14:02:32.614000","SOLUSDT",164.86,0.032,1448573177,true
"2025-08-06T14:02:32.614000","SOLUSDT",164.86,0.032,1448573178,true
"2025-08-06T14:02:32.614000","SOLUSDT",164.86,0.032,1448573179,true
"2025-08-06T14:02:32.614000","SOLUSDT",164.86,0.031,1448573180,true
"2025-08-06T14:02:32.614000","SOLUSDT",164.86,0.032,1448573181,true
"2025-08-06T14:02:32.614000","SOLUSDT",164.86,0.032,1448573182,true
"2025-08-06T14:02:32.614000","SOLUSDT",164.86,0.032,1448573183,true
"2025-08-06T14:02:32.614000","SOLUSDT",164.86,0.032,1448573184,true
"2025-08-06T14:02:32.614000","SOLUSDT",164.86,0.032,1448573185,true
"2025-08-06T14:02:32.614000","SOLUSDT",164.86,0.032,1448573186,true
"2025-08-06T14:02:32.614000","SOLUSDT",164.86,0.032,1448573187,true
"2025-08-06T14:02:32.614000","SOLUSDT",164.86,0.032,1448573188,true
"2025-08-06T14:02:32.614000","SOLUSDT",164.86,0.032,1448573189,true
"2025-08-06T14:02:32.614000","SOLUSDT",164.86,0.032,1448573190,true
"2025-08-06T14:02:32.614000","SOLUSDT",164.86,0.032,1448573191,true
"2025-08-06T14:02:32.612000","SOLUSDT",164.86,18.237,1448573172,true
"2025-08-06T14:02:32.605000","SOLUSDT",164.86,0.012,1448573168,true
"2025-08-06T14:02:32.605000","SOLUSDT",164.86,0.032,1448573169,true
"2025-08-06T14:02:32.605000","SOLUSDT",164.86,0.032,1448573170,true
"2025-08-06T14:02:32.605000","SOLUSDT",164.86,18.161,1448573171,true
"2025-08-06T14:02:31.981000","SOLUSDT",164.86,0.031,1448573159,true
"2025-08-06T14:02:31.981000","SOLUSDT",164.86,0.032,1448573160,true
"2025-08-06T14:02:31.981000","SOLUSDT",164.86,0.032,1448573161,true
"2025-08-06T14:02:31.981000","SOLUSDT",164.86,0.032,1448573162,true
"2025-08-06T14:02:31.981000","SOLUSDT",164.86,0.032,1448573163,true
"2025-08-06T14:02:31.981000","SOLUSDT",164.86,0.032,1448573164,true
"2025-08-06T14:02:31.981000","SOLUSDT",164.86,0.032,1448573165,true
"2025-08-06T14:02:31.981000","SOLUSDT",164.86,0.032,1448573166,true
"2025-08-06T14:02:31.981000","SOLUSDT",164.86,0.049,1448573167,true
"2025-08-06T14:02:31.096000","SOLUSDT",164.87,0.031,1448573143,true
"2025-08-06T14:02:31.096000","SOLUSDT",164.87,0.032,1448573144,true
"2025-08-06T14:02:31.096000","SOLUSDT",164.87,0.032,1448573145,true
"2025-08-06T14:02:31.096000","SOLUSDT",164.87,0.032,1448573146,true
"2025-08-06T14:02:31.096000","SOLUSDT",164.87,0.032,1448573147,true
"2025-08-06T14:02:31.096000","SOLUSDT",164.87,0.032,1448573148,true
"2025-08-06T14:02:31.096000","SOLUSDT",164.87,0.032,1448573149,true
"2025-08-06T14:02:31.096000","SOLUSDT",164.87,0.032,1448573150,true
"2025-08-06T14:02:31.096000","SOLUSDT",164.87,0.032,1448573151,true
"2025-08-06T14:02:31.096000","SOLUSDT",164.87,0.032,1448573152,true
"2025-08-06T14:02:31.096000","SOLUSDT",164.87,0.032,1448573153,true
"2025-08-06T14:02:31.096000","SOLUSDT",164.87,0.032,1448573154,true
"2025-08-06T14:02:31.096000","SOLUSDT",164.87,0.032,1448573155,true
"2025-08-06T14:02:31.096000","SOLUSDT",164.87,0.032,1448573156,true
"2025-08-06T14:02:31.096000","SOLUSDT",164.87,0.032,1448573157,true
"2025-08-06T14:02:31.096000","SOLUSDT",164.87,0.032,1448573158,true
"2025-08-06T14:02:31.069000","SOLUSDT",164.88,0.031,1448573121,true
"2025-08-06T14:02:31.069000","SOLUSDT",164.88,0.032,1448573122,true
"2025-08-06T14:02:31.069000","SOLUSDT",164.88,0.032,1448573123,true
"2025-08-06T14:02:31.069000","SOLUSDT",164.88,1.676,1448573124,true
"2025-08-06T14:02:31.069000","SOLUSDT",164.88,0.032,1448573125,true
"2025-08-06T14:02:31.069000","SOLUSDT",164.88,0.032,1448573126,true
"2025-08-06T14:02:31.069000","SOLUSDT",164.88,0.032,1448573127,true
"2025-08-06T14:02:31.069000","SOLUSDT",164.88,0.032,1448573128,true
"2025-08-06T14:02:31.069000","SOLUSDT",164.88,0.032,1448573129,true
"2025-08-06T14:02:31.069000","SOLUSDT",164.88,0.032,1448573130,true
"2025-08-06T14:02:31.069000","SOLUSDT",164.88,0.032,1448573131,true
"2025-08-06T14:02:31.069000","SOLUSDT",164.88,0.032,1448573132,true
"2025-08-06T14:02:31.069000","SOLUSDT",164.88,0.032,1448573133,true
"2025-08-06T14:02:31.069000","SOLUSDT",164.88,0.032,1448573134,true
"2025-08-06T14:02:31.069000","SOLUSDT",164.88,0.032,1448573135,true
"2025-08-06T14:02:31.069000","SOLUSDT",164.88,0.032,1448573136,true
"2025-08-06T14:02:31.069000","SOLUSDT",164.88,0.049,1448573137,true
"2025-08-06T14:02:31.069000","SOLUSDT",164.88,0.032,1448573138,true
"2025-08-06T14:02:31.069000","SOLUSDT",164.88,0.032,1448573139,true
"2025-08-06T14:02:31.069000","SOLUSDT",164.88,0.032,1448573140,true
"2025-08-06T14:02:31.069000","SOLUSDT",164.88,0.032,1448573141,true
"2025-08-06T14:02:31.069000","SOLUSDT",164.88,0.032,1448573142,true
"2025-08-06T14:02:30.522000","SOLUSDT",164.88,0.032,1448573104,false
"2025-08-06T14:02:30.522000","SOLUSDT",164.88,0.032,1448573105,false
"2025-08-06T14:02:30.522000","SOLUSDT",164.88,0.032,1448573106,false
"2025-08-06T14:02:30.522000","SOLUSDT",164.88,0.032,1448573107,false
"2025-08-06T14:02:30.522000","SOLUSDT",164.88,0.032,1448573108,false
"2025-08-06T14:02:30.522000","SOLUSDT",164.88,0.032,1448573109,false
"2025-08-06T14:02:30.522000","SOLUSDT",164.88,0.032,1448573110,false
"2025-08-06T14:02:30.522000","SOLUSDT",164.88,0.032,1448573111,false
"2025-08-06T14:02:30.522000","SOLUSDT",164.88,0.032,1448573112,false
"2025-08-06T14:02:30.522000","SOLUSDT",164.88,0.032,1448573113,false
"2025-08-06T14:02:30.522000","SOLUSDT",164.88,0.032,1448573114,false
"2025-08-06T14:02:30.522000","SOLUSDT",164.88,0.032,1448573115,false
"2025-08-06T14:02:30.522000","SOLUSDT",164.88,0.032,1448573116,false
"2025-08-06T14:02:30.522000","SOLUSDT",164.88,0.032,1448573117,false
"2025-08-06T14:02:30.522000","SOLUSDT",164.88,0.032,1448573118,false
"2025-08-06T14:02:30.522000","SOLUSDT",164.88,0.032,1448573119,false
"2025-08-06T14:02:30.522000","SOLUSDT",164.88,0.032,1448573120,false
"2025-08-06T14:02:30.522000","SOLUSDT",164.88,0.061,1448573100,false
"2025-08-06T14:02:30.522000","SOLUSDT",164.88,0.046,1448573101,false
"2025-08-06T14:02:30.522000","SOLUSDT",164.88,0.031,1448573102,false
"2025-08-06T14:02:30.522000","SOLUSDT",164.88,0.034,1448573103,false
"2025-08-06T14:02:30.510000","SOLUSDT",164.87,0.032,1448573087,false
"2025-08-06T14:02:30.510000","SOLUSDT",164.87,0.032,1448573088,false
"2025-08-06T14:02:30.510000","SOLUSDT",164.87,0.032,1448573089,false
"2025-08-06T14:02:30.510000","SOLUSDT",164.87,0.032,1448573090,false
"2025-08-06T14:02:30.510000","SOLUSDT",164.87,0.032,1448573091,false
"2025-08-06T14:02:30.510000","SOLUSDT",164.87,0.032,1448573092,false
"2025-08-06T14:02:30.510000","SOLUSDT",164.87,0.032,1448573093,false
"2025-08-06T14:02:30.510000","SOLUSDT",164.87,0.032,1448573094,false
"2025-08-06T14:02:30.510000","SOLUSDT",164.87,0.032,1448573095,false
"2025-08-06T14:02:30.510000","SOLUSDT",164.87,0.032,1448573096,false
"2025-08-06T14:02:30.510000","SOLUSDT",164.87,0.032,1448573097,false
"2025-08-06T14:02:30.510000","SOLUSDT",164.87,0.032,1448573098,false
"2025-08-06T14:02:30.510000","SOLUSDT",164.87,0.032,1448573099,false
"2025-08-06T14:02:30.330000","SOLUSDT",164.87,0.032,1448573076,false
"2025-08-06T14:02:30.330000","SOLUSDT",164.87,0.032,1448573077,false
"2025-08-06T14:02:30.330000","SOLUSDT",164.87,0.032,1448573078,false
"2025-08-06T14:02:30.330000","SOLUSDT",164.87,0.032,1448573079,false
"2025-08-06T14:02:30.330000","SOLUSDT",164.87,0.032,1448573080,false
"2025-08-06T14:02:30.330000","SOLUSDT",164.87,0.032,1448573081,false
"2025-08-06T14:02:30.330000","SOLUSDT",164.87,0.032,1448573082,false
"2025-08-06T14:02:30.330000","SOLUSDT",164.87,0.032,1448573083,false
"2025-08-06T14:02:30.330000","SOLUSDT",164.87,0.032,1448573084,false
"2025-08-06T14:02:30.330000","SOLUSDT",164.87,0.032,1448573085,false
"2025-08-06T14:02:30.330000","SOLUSDT",164.87,0.37,1448573086,false
"2025-08-06T14:02:30.264000","SOLUSDT",164.87,0.534,1448573058,false
"2025-08-06T14:02:30.264000","SOLUSDT",164.87,0.032,1448573059,false
"2025-08-06T14:02:30.264000","SOLUSDT",164.87,0.032,1448573060,false
"2025-08-06T14:02:30.264000","SOLUSDT",164.87,0.032,1448573061,false
"2025-08-06T14:02:30.264000","SOLUSDT",164.87,0.032,1448573062,false
"2025-08-06T14:02:30.264000","SOLUSDT",164.87,0.032,1448573063,false
"2025-08-06T14:02:30.264000","SOLUSDT",164.87,0.032,1448573064,false
"2025-08-06T14:02:30.264000","SOLUSDT",164.87,0.032,1448573065,false
"2025-08-06T14:02:30.264000","SOLUSDT",164.87,0.032,1448573066,false
"2025-08-06T14:02:30.264000","SOLUSDT",164.87,0.032,1448573067,false
"2025-08-06T14:02:30.264000","SOLUSDT",164.87,0.032,1448573068,false
"2025-08-06T14:02:30.264000","SOLUSDT",164.87,0.032,1448573069,false
"2025-08-06T14:02:30.264000","SOLUSDT",164.87,0.032,1448573070,false
"2025-08-06T14:02:30.264000","SOLUSDT",164.87,0.032,1448573071,false
"2025-08-06T14:02:30.264000","SOLUSDT",164.87,0.032,1448573072,false
"2025-08-06T14:02:30.264000","SOLUSDT",164.87,0.032,1448573073,false
"2025-08-06T14:02:30.264000","SOLUSDT",164.87,0.042,1448573074,false
"2025-08-06T14:02:30.264000","SOLUSDT",164.87,0.042,1448573075,false
"2025-08-06T14:02:29.898000","SOLUSDT",164.86,1.165,1448573052,false
"2025-08-06T14:02:29.898000","SOLUSDT",164.86,0.032,1448573053,false
"2025-08-06T14:02:29.898000","SOLUSDT",164.86,0.032,1448573054,false
"2025-08-06T14:02:29.898000","SOLUSDT",164.86,0.032,1448573055,false
"2025-08-06T14:02:29.898000","SOLUSDT",164.86,0.032,1448573056,false
"2025-08-06T14:02:29.898000","SOLUSDT",164.86,0.032,1448573057,false
"2025-08-06T14:02:29.897000","SOLUSDT",164.86,0.061,1448573033,false
"2025-08-06T14:02:29.897000","SOLUSDT",164.86,0.034,1448573034,false
"2025-08-06T14:02:29.897000","SOLUSDT",164.86,0.032,1448573035,false
"2025-08-06T14:02:29.897000","SOLUSDT",164.86,0.032,1448573036,false
"2025-08-06T14:02:29.897000","SOLUSDT",164.86,0.032,1448573037,false
"2025-08-06T14:02:29.897000","SOLUSDT",164.86,0.032,1448573038,false
"2025-08-06T14:02:29.897000","SOLUSDT",164.86,0.032,1448573039,false
"2025-08-06T14:02:29.897000","SOLUSDT",164.86,0.032,1448573040,false
"2025-08-06T14:02:29.897000","SOLUSDT",164.86,0.032,1448573041,false
"2025-08-06T14:02:29.897000","SOLUSDT",164.86,0.032,1448573042,false
"2025-08-06T14:02:29.897000","SOLUSDT",164.86,0.032,1448573043,false
"2025-08-06T14:02:29.897000","SOLUSDT",164.86,0.032,1448573044,false
"2025-08-06T14:02:29.897000","SOLUSDT",164.86,0.032,1448573045,false
"2025-08-06T14:02:29.897000","SOLUSDT",164.86,0.032,1448573046,false
"2025-08-06T14:02:29.897000","SOLUSDT",164.86,0.032,1448573047,false
"2025-08-06T14:02:29.897000","SOLUSDT",164.86,0.032,1448573048,false
"2025-08-06T14:02:29.897000","SOLUSDT",164.86,0.032,1448573049,false
"2025-08-06T14:02:29.897000","SOLUSDT",164.86,0.032,1448573050,false
"2025-08-06T14:02:29.897000","SOLUSDT",164.86,7.544,1448573051,false
"2025-08-06T14:02:29.754000","SOLUSDT",164.85,0.061,1448573008,false
"2025-08-06T14:02:29.754000","SOLUSDT",164.85,0.484,1448573009,false
"2025-08-06T14:02:29.754000","SOLUSDT",164.85,0.032,1448573010,false
"2025-08-06T14:02:29.754000","SOLUSDT",164.85,0.032,1448573011,false
"2025-08-06T14:02:29.754000","SOLUSDT",164.85,0.032,1448573012,false
"2025-08-06T14:02:29.754000","SOLUSDT",164.85,0.032,1448573013,false
"2025-08-06T14:02:29.754000","SOLUSDT",164.85,0.032,1448573014,false
"2025-08-06T14:02:29.754000","SOLUSDT",164.85,0.032,1448573015,false
"2025-08-06T14:02:29.754000","SOLUSDT",164.85,0.032,1448573016,false
"2025-08-06T14:02:29.754000","SOLUSDT",164.85,0.032,1448573017,false
"2025-08-06T14:02:29.754000","SOLUSDT",164.85,0.032,1448573018,false
"2025-08-06T14:02:29.754000","SOLUSDT",164.85,0.032,1448573019,false
"2025-08-06T14:02:29.754000","SOLUSDT",164.85,0.032,1448573020,false
"2025-08-06T14:02:29.754000","SOLUSDT",164.85,6.068,1448573021,false
"2025-08-06T14:02:29.754000","SOLUSDT",164.85,0.032,1448573022,false
"2025-08-06T14:02:29.754000","SOLUSDT",164.85,0.032,1448573023,false
"2025-08-06T14:02:29.754000","SOLUSDT",164.85,0.032,1448573024,false
"2025-08-06T14:02:29.754000","SOLUSDT",164.85,0.032,1448573025,false
"2025-08-06T14:02:29.754000","SOLUSDT",164.85,0.032,1448573026,false
"2025-08-06T14:02:29.754000","SOLUSDT",164.85,0.032,1448573027,false
"2025-08-06T14:02:29.754000","SOLUSDT",164.85,0.032,1448573028,false
"2025-08-06T14:02:29.754000","SOLUSDT",164.85,0.032,1448573029,false
"2025-08-06T14:02:29.754000","SOLUSDT",164.85,0.032,1448573030,false
"2025-08-06T14:02:29.754000","SOLUSDT",164.85,0.032,1448573031,false
"2025-08-06T14:02:29.754000","SOLUSDT",164.85,0.032,1448573032,false
"2025-08-06T14:02:29.379000","SOLUSDT",164.84,1.15,1448573007,true
"2025-08-06T14:02:29.064000","SOLUSDT",164.84,0.238,1448573006,true
"2025-08-06T14:02:28.777000","SOLUSDT",164.84,0.032,1448572995,false
"2025-08-06T14:02:28.777000","SOLUSDT",164.84,0.032,1448572996,false
"2025-08-06T14:02:28.777000","SOLUSDT",164.84,0.032,1448572997,false
"2025-08-06T14:02:28.777000","SOLUSDT",164.84,0.032,1448572998,false
"2025-08-06T14:02:28.777000","SOLUSDT",164.84,0.032,1448572999,false
"2025-08-06T14:02:28.777000","SOLUSDT",164.84,0.032,1448573000,false
"2025-08-06T14:02:28.777000","SOLUSDT",164.84,0.032,1448573001,false
"2025-08-06T14:02:28.777000","SOLUSDT",164.84,0.032,1448573002,false
"2025-08-06T14:02:28.777000","SOLUSDT",164.84,0.032,1448573003,false
"2025-08-06T14:02:28.777000","SOLUSDT",164.84,0.032,1448573004,false
"2025-08-06T14:02:28.777000","SOLUSDT",164.84,0.032,1448573005,false
"2025-08-06T14:02:28.773000","SOLUSDT",164.84,1.82,1448572971,false
"2025-08-06T14:02:28.773000","SOLUSDT",164.84,0.034,1448572972,false
"2025-08-06T14:02:28.773000","SOLUSDT",164.84,0.032,1448572973,false
"2025-08-06T14:02:28.773000","SOLUSDT",164.84,0.032,1448572974,false
"2025-08-06T14:02:28.773000","SOLUSDT",164.84,0.032,1448572975,false
"2025-08-06T14:02:28.773000","SOLUSDT",164.84,0.032,1448572976,false
"2025-08-06T14:02:28.773000","SOLUSDT",164.84,0.032,1448572977,false
"2025-08-06T14:02:28.773000","SOLUSDT",164.84,0.032,1448572978,false
"2025-08-06T14:02:28.773000","SOLUSDT",164.84,0.032,1448572979,false
"2025-08-06T14:02:28.773000","SOLUSDT",164.84,0.032,1448572980,false
"2025-08-06T14:02:28.773000","SOLUSDT",164.84,0.032,1448572981,false
"2025-08-06T14:02:28.773000","SOLUSDT",164.84,0.032,1448572982,false
"2025-08-06T14:02:28.773000","SOLUSDT",164.84,0.032,1448572983,false
"2025-08-06T14:02:28.773000","SOLUSDT",164.84,0.032,1448572984,false
"2025-08-06T14:02:28.773000","SOLUSDT",164.84,0.032,1448572985,false
"2025-08-06T14:02:28.773000","SOLUSDT",164.84,0.032,1448572986,false
"2025-08-06T14:02:28.773000","SOLUSDT",164.84,0.032,1448572987,false
"2025-08-06T14:02:28.773000","SOLUSDT",164.84,0.042,1448572988,false
"2025-08-06T14:02:28.773000","SOLUSDT",164.84,0.042,1448572989,false
"2025-08-06T14:02:28.773000","SOLUSDT",164.84,0.032,1448572990,false
"2025-08-06T14:02:28.773000","SOLUSDT",164.84,0.032,1448572991,false
"2025-08-06T14:02:28.773000","SOLUSDT",164.84,0.168,1448572992,false
"2025-08-06T14:02:28.773000","SOLUSDT",164.84,0.032,1448572993,false
"2025-08-06T14:02:28.773000","SOLUSDT",164.84,0.032,1448572994,false
"2025-08-06T14:02:28.576000","SOLUSDT",164.83,0.103,1448572970,true
"2025-08-06T14:02:28.477000","SOLUSDT",164.83,4.218,1448572969,true
"2025-08-06T14:02:28.475000","SOLUSDT",164.84,0.031,1448572967,false
"2025-08-06T14:02:28.475000","SOLUSDT",164.84,0.133,1448572968,false
"2025-08-06T14:02:28.363000","SOLUSDT",164.83,0.032,1448572964,false
"2025-08-06T14:02:28.363000","SOLUSDT",164.83,0.032,1448572965,false
"2025-08-06T14:02:28.363000","SOLUSDT",164.83,0.032,1448572966,false
"2025-08-06T14:02:28.362000","SOLUSDT",164.83,4.778,1448572955,false
"2025-08-06T14:02:28.362000","SOLUSDT",164.83,0.032,1448572956,false
"2025-08-06T14:02:28.362000","SOLUSDT",164.83,0.032,1448572957,false
"2025-08-06T14:02:28.362000","SOLUSDT",164.83,0.032,1448572958,false
"2025-08-06T14:02:28.362000","SOLUSDT",164.83,0.032,1448572959,false
"2025-08-06T14:02:28.362000","SOLUSDT",164.83,0.032,1448572960,false
"2025-08-06T14:02:28.362000","SOLUSDT",164.83,0.032,1448572961,false
"2025-08-06T14:02:28.362000","SOLUSDT",164.83,0.032,1448572962,false
"2025-08-06T14:02:28.362000","SOLUSDT",164.83,0.032,1448572963,false
"2025-08-06T14:02:28.362000","SOLUSDT",164.83,0.032,1448572944,false
"2025-08-06T14:02:28.362000","SOLUSDT",164.83,0.032,1448572945,false
"2025-08-06T14:02:28.362000","SOLUSDT",164.83,0.032,1448572946,false
"2025-08-06T14:02:28.362000","SOLUSDT",164.83,0.032,1448572947,false
"2025-08-06T14:02:28.362000","SOLUSDT",164.83,0.032,1448572948,false
"2025-08-06T14:02:28.362000","SOLUSDT",164.83,0.071,1448572949,false
"2025-08-06T14:02:28.362000","SOLUSDT",164.83,0.032,1448572950,false
"2025-08-06T14:02:28.362000","SOLUSDT",164.83,0.032,1448572951,false
"2025-08-06T14:02:28.362000","SOLUSDT",164.83,0.061,1448572952,false
"2025-08-06T14:02:28.362000","SOLUSDT",164.83,0.032,1448572953,false
"2025-08-06T14:02:28.362000","SOLUSDT",164.83,1.29,1448572954,false
"2025-08-06T14:02:28.101000","SOLUSDT",164.82,0.032,1448572923,false
"2025-08-06T14:02:28.101000","SOLUSDT",164.82,0.032,1448572924,false
"2025-08-06T14:02:28.101000","SOLUSDT",164.82,0.032,1448572925,false
"2025-08-06T14:02:28.101000","SOLUSDT",164.82,0.032,1448572926,false
"2025-08-06T14:02:28.101000","SOLUSDT",164.82,0.061,1448572927,false
"2025-08-06T14:02:28.101000","SOLUSDT",164.82,0.046,1448572928,false
"2025-08-06T14:02:28.101000","SOLUSDT",164.82,0.032,1448572929,false
"2025-08-06T14:02:28.101000","SOLUSDT",164.82,0.032,1448572930,false
"2025-08-06T14:02:28.101000","SOLUSDT",164.82,0.032,1448572931,false
"2025-08-06T14:02:28.101000","SOLUSDT",164.82,0.032,1448572932,false
"2025-08-06T14:02:28.101000","SOLUSDT",164.82,0.032,1448572933,false
"2025-08-06T14:02:28.101000","SOLUSDT",164.82,0.032,1448572934,false
"2025-08-06T14:02:28.101000","SOLUSDT",164.82,0.032,1448572935,false
"2025-08-06T14:02:28.101000","SOLUSDT",164.82,0.032,1448572936,false
"2025-08-06T14:02:28.101000","SOLUSDT",164.82,0.032,1448572937,false
"2025-08-06T14:02:28.101000","SOLUSDT",164.82,0.032,1448572938,false
"2025-08-06T14:02:28.101000","SOLUSDT",164.82,0.032,1448572939,false
"2025-08-06T14:02:28.101000","SOLUSDT",164.82,0.032,1448572940,false
"2025-08-06T14:02:28.101000","SOLUSDT",164.82,0.032,1448572941,false
"2025-08-06T14:02:28.101000","SOLUSDT",164.82,0.032,1448572942,false
"2025-08-06T14:02:28.101000","SOLUSDT",164.82,0.032,1448572943,false
"2025-08-06T14:02:28.076000","SOLUSDT",164.81,0.032,1448572902,false
"2025-08-06T14:02:28.076000","SOLUSDT",164.81,0.032,1448572903,false
"2025-08-06T14:02:28.076000","SOLUSDT",164.81,0.032,1448572904,false
"2025-08-06T14:02:28.076000","SOLUSDT",164.81,0.042,1448572905,false
"2025-08-06T14:02:28.076000","SOLUSDT",164.81,0.032,1448572906,false
"2025-08-06T14:02:28.076000","SOLUSDT",164.81,0.032,1448572907,false
"2025-08-06T14:02:28.076000","SOLUSDT",164.81,0.032,1448572908,false
"2025-08-06T14:02:28.076000","SOLUSDT",164.81,0.032,1448572909,false
"2025-08-06T14:02:28.076000","SOLUSDT",164.81,0.042,1448572910,false
"2025-08-06T14:02:28.076000","SOLUSDT",164.81,0.032,1448572911,false
"2025-08-06T14:02:28.076000","SOLUSDT",164.81,0.032,1448572912,false
"2025-08-06T14:02:28.076000","SOLUSDT",164.81,0.032,1448572913,false
"2025-08-06T14:02:28.076000","SOLUSDT",164.81,0.032,1448572914,false
"2025-08-06T14:02:28.076000","SOLUSDT",164.81,0.032,1448572915,false
"2025-08-06T14:02:28.076000","SOLUSDT",164.81,0.032,1448572916,false
"2025-08-06T14:02:28.076000","SOLUSDT",164.81,0.032,1448572917,false
"2025-08-06T14:02:28.076000","SOLUSDT",164.81,0.032,1448572918,false
"2025-08-06T14:02:28.076000","SOLUSDT",164.81,0.032,1448572919,false
"2025-08-06T14:02:28.076000","SOLUSDT",164.81,1.092,1448572920,false
"2025-08-06T14:02:28.076000","SOLUSDT",164.81,0.978,1448572921,false
"2025-08-06T14:02:28.076000","SOLUSDT",164.81,0.032,1448572922,false
"2025-08-06T14:02:25.050000","SOLUSDT",164.8,0.472,1448572901,true
"2025-08-06T14:02:25.013000","SOLUSDT",164.81,0.032,1448572892,false
"2025-08-06T14:02:25.013000","SOLUSDT",164.81,0.032,1448572893,false
"2025-08-06T14:02:25.013000","SOLUSDT",164.81,0.032,1448572894,false
"2025-08-06T14:02:25.013000","SOLUSDT",164.81,0.032,1448572895,false
"2025-08-06T14:02:25.013000","SOLUSDT",164.81,0.032,1448572896,false
"2025-08-06T14:02:25.013000","SOLUSDT",164.81,0.032,1448572897,false
"2025-08-06T14:02:25.013000","SOLUSDT",164.81,0.032,1448572898,false
"2025-08-06T14:02:25.013000","SOLUSDT",164.81,0.061,1448572899,false
"2025-08-06T14:02:25.013000","SOLUSDT",164.81,0.925,1448572900,false
"2025-08-06T14:02:24.896000","SOLUSDT",164.8,0.032,1448572875,false
"2025-08-06T14:02:24.896000","SOLUSDT",164.8,0.032,1448572876,false
"2025-08-06T14:02:24.896000","SOLUSDT",164.8,0.032,1448572877,false
"2025-08-06T14:02:24.896000","SOLUSDT",164.8,0.032,1448572878,false
"2025-08-06T14:02:24.896000","SOLUSDT",164.8,0.032,1448572879,false
"2025-08-06T14:02:24.896000","SOLUSDT",164.8,0.031,1448572880,false
"2025-08-06T14:02:24.896000","SOLUSDT",164.8,0.032,1448572881,false
"2025-08-06T14:02:24.896000","SOLUSDT",164.8,0.032,1448572882,false
"2025-08-06T14:02:24.896000","SOLUSDT",164.8,0.032,1448572883,false
"2025-08-06T14:02:24.896000","SOLUSDT",164.8,0.032,1448572884,false
"2025-08-06T14:02:24.896000","SOLUSDT",164.8,0.032,1448572885,false
"2025-08-06T14:02:24.896000","SOLUSDT",164.8,0.032,1448572886,false
"2025-08-06T14:02:24.896000","SOLUSDT",164.8,0.032,1448572887,false
"2025-08-06T14:02:24.896000","SOLUSDT",164.8,0.032,1448572888,false
"2025-08-06T14:02:24.896000","SOLUSDT",164.8,0.032,1448572889,false
"2025-08-06T14:02:24.896000","SOLUSDT",164.8,0.032,1448572890,false
"2025-08-06T14:02:24.896000","SOLUSDT",164.8,0.032,1448572891,false
"2025-08-06T14:02:24.834000","SOLUSDT",164.79,0.032,1448572849,false
"2025-08-06T14:02:24.834000","SOLUSDT",164.79,0.032,1448572850,false
"2025-08-06T14:02:24.834000","SOLUSDT",164.79,0.032,1448572851,false
"2025-08-06T14:02:24.834000","SOLUSDT",164.79,0.032,1448572852,false
"2025-08-06T14:02:24.834000","SOLUSDT",164.79,0.032,1448572853,false
"2025-08-06T14:02:24.834000","SOLUSDT",164.79,1.676,1448572854,false
"2025-08-06T14:02:24.834000","SOLUSDT",164.79,0.032,1448572855,false
"2025-08-06T14:02:24.834000","SOLUSDT",164.79,0.032,1448572856,false
"2025-08-06T14:02:24.834000","SOLUSDT",164.79,0.032,1448572857,false
"2025-08-06T14:02:24.834000","SOLUSDT",164.79,0.032,1448572858,false
"2025-08-06T14:02:24.834000","SOLUSDT",164.79,0.032,1448572859,false
"2025-08-06T14:02:24.834000","SOLUSDT",164.79,0.032,1448572860,false
"2025-08-06T14:02:24.834000","SOLUSDT",164.79,0.032,1448572861,false
"2025-08-06T14:02:24.834000","SOLUSDT",164.79,0.032,1448572862,false
"2025-08-06T14:02:24.834000","SOLUSDT",164.79,14.259,1448572863,false
"2025-08-06T14:02:24.834000","SOLUSDT",164.79,0.032,1448572864,false
"2025-08-06T14:02:24.834000","SOLUSDT",164.79,9.801,1448572865,false
"2025-08-06T14:02:24.834000","SOLUSDT",164.79,0.032,1448572866,false
"2025-08-06T14:02:24.834000","SOLUSDT",164.79,0.032,1448572867,false
"2025-08-06T14:02:24.834000","SOLUSDT",164.79,0.155,1448572868,false
"2025-08-06T14:02:24.834000","SOLUSDT",164.79,0.034,1448572869,false
"2025-08-06T14:02:24.834000","SOLUSDT",164.79,0.052,1448572870,false
"2025-08-06T14:02:24.834000","SOLUSDT",164.79,0.867,1448572871,false
"2025-08-06T14:02:24.834000","SOLUSDT",164.79,0.032,1448572872,false
"2025-08-06T14:02:24.834000","SOLUSDT",164.79,0.032,1448572873,false
"2025-08-06T14:02:24.834000","SOLUSDT",164.79,0.032,1448572874,false
"2025-08-06T14:02:24.030000","SOLUSDT",164.78,0.032,1448572832,true
"2025-08-06T14:02:24.030000","SOLUSDT",164.78,0.032,1448572833,true
"2025-08-06T14:02:24.030000","SOLUSDT",164.78,0.042,1448572834,true
"2025-08-06T14:02:24.030000","SOLUSDT",164.78,0.042,1448572835,true
"2025-08-06T14:02:24.030000","SOLUSDT",164.78,0.151,1448572836,true
"2025-08-06T14:02:24.030000","SOLUSDT",164.78,0.032,1448572837,true
"2025-08-06T14:02:24.030000","SOLUSDT",164.78,0.032,1448572838,true
"2025-08-06T14:02:24.030000","SOLUSDT",164.78,0.032,1448572839,true
"2025-08-06T14:02:24.030000","SOLUSDT",164.78,0.032,1448572840,true
"2025-08-06T14:02:24.030000","SOLUSDT",164.78,0.91,1448572841,true
"2025-08-06T14:02:24.030000","SOLUSDT",164.78,0.032,1448572842,true
"2025-08-06T14:02:24.030000","SOLUSDT",164.78,0.031,1448572843,true
"2025-08-06T14:02:24.030000","SOLUSDT",164.78,0.032,1448572844,true
"2025-08-06T14:02:24.030000","SOLUSDT",164.78,0.032,1448572845,true
"2025-08-06T14:02:24.030000","SOLUSDT",164.78,0.032,1448572846,true
"2025-08-06T14:02:24.030000","SOLUSDT",164.78,0.032,1448572847,true
"2025-08-06T14:02:24.030000","SOLUSDT",164.78,2.57,1448572848,true
"2025-08-06T14:02:23.793000","SOLUSDT",164.78,0.032,1448572816,true
"2025-08-06T14:02:23.793000","SOLUSDT",164.78,0.032,1448572817,true
"2025-08-06T14:02:23.793000","SOLUSDT",164.78,0.032,1448572818,true
"2025-08-06T14:02:23.793000","SOLUSDT",164.78,0.032,1448572819,true
"2025-08-06T14:02:23.793000","SOLUSDT",164.78,0.032,1448572820,true
"2025-08-06T14:02:23.793000","SOLUSDT",164.78,0.032,1448572821,true
"2025-08-06T14:02:23.793000","SOLUSDT",164.78,0.032,1448572822,true
"2025-08-06T14:02:23.793000","SOLUSDT",164.78,1.0,1448572823,true
"2025-08-06T14:02:23.793000","SOLUSDT",164.78,0.032,1448572824,true
"2025-08-06T14:02:23.793000","SOLUSDT",164.78,0.032,1448572825,true
"2025-08-06T14:02:23.793000","SOLUSDT",164.78,0.032,1448572826,true
"2025-08-06T14:02:23.793000","SOLUSDT",164.78,0.032,1448572827,true
"2025-08-06T14:02:23.793000","SOLUSDT",164.78,0.032,1448572828,true
"2025-08-06T14:02:23.793000","SOLUSDT",164.78,0.032,1448572829,true
"2025-08-06T14:02:23.793000","SOLUSDT",164.78,0.032,1448572830,true
"2025-08-06T14:02:23.793000","SOLUSDT",164.78,0.079,1448572831,true
"2025-08-06T14:02:23.793000","SOLUSDT",164.78,0.061,1448572812,true
"2025-08-06T14:02:23.793000","SOLUSDT",164.78,0.031,1448572813,true
"2025-08-06T14:02:23.793000","SOLUSDT",164.78,0.046,1448572814,true
"2025-08-06T14:02:23.793000","SOLUSDT",164.78,0.031,1448572815,true
"2025-08-06T14:02:23.781000","SOLUSDT",164.79,0.031,1448572788,true
"2025-08-06T14:02:23.781000","SOLUSDT",164.79,0.061,1448572789,true
"2025-08-06T14:02:23.781000","SOLUSDT",164.79,0.031,1448572790,true
"2025-08-06T14:02:23.781000","SOLUSDT",164.79,0.032,1448572791,true
"2025-08-06T14:02:23.781000","SOLUSDT",164.79,0.032,1448572792,true
"2025-08-06T14:02:23.781000","SOLUSDT",164.79,0.032,1448572793,true
"2025-08-06T14:02:23.781000","SOLUSDT",164.79,0.032,1448572794,true
"2025-08-06T14:02:23.781000","SOLUSDT",164.79,0.032,1448572795,true
"2025-08-06T14:02:23.781000","SOLUSDT",164.79,0.032,1448572796,true
"2025-08-06T14:02:23.781000","SOLUSDT",164.79,0.032,1448572797,true
"2025-08-06T14:02:23.781000","SOLUSDT",164.79,0.032,1448572798,true
"2025-08-06T14:02:23.781000","SOLUSDT",164.79,0.032,1448572799,true
"2025-08-06T14:02:23.781000","SOLUSDT",164.79,0.032,1448572800,true
"2025-08-06T14:02:23.781000","SOLUSDT",164.79,0.032,1448572801,true
"2025-08-06T14:02:23.781000","SOLUSDT",164.79,0.032,1448572802,true
"2025-08-06T14:02:23.781000","SOLUSDT",164.79,0.032,1448572803,true
"2025-08-06T14:02:23.781000","SOLUSDT",164.79,0.032,1448572804,true
"2025-08-06T14:02:23.781000","SOLUSDT",164.79,0.032,1448572805,true
"2025-08-06T14:02:23.781000","SOLUSDT",164.79,0.032,1448572806,true
"2025-08-06T14:02:23.781000","SOLUSDT",164.79,0.91,1448572807,true
"2025-08-06T14:02:23.781000","SOLUSDT",164.79,0.151,1448572808,true
"2025-08-06T14:02:23.781000","SOLUSDT",164.79,0.032,1448572809,true
"2025-08-06T14:02:23.781000","SOLUSDT",164.79,0.032,1448572810,true
"2025-08-06T14:02:23.781000","SOLUSDT",164.79,0.032,1448572811,true
"2025-08-06T14:02:23.696000","SOLUSDT",164.8,0.031,1448572767,true
"2025-08-06T14:02:23.696000","SOLUSDT",164.8,0.032,1448572768,true
"2025-08-06T14:02:23.696000","SOLUSDT",164.8,0.032,1448572769,true
"2025-08-06T14:02:23.696000","SOLUSDT",164.8,0.032,1448572770,true
"2025-08-06T14:02:23.696000","SOLUSDT",164.8,0.032,1448572771,true
"2025-08-06T14:02:23.696000","SOLUSDT",164.8,0.032,1448572772,true
"2025-08-06T14:02:23.696000","SOLUSDT",164.8,0.061,1448572773,true
"2025-08-06T14:02:23.696000","SOLUSDT",164.8,0.032,1448572774,true
"2025-08-06T14:02:23.696000","SOLUSDT",164.8,0.032,1448572775,true
"2025-08-06T14:02:23.696000","SOLUSDT",164.8,0.032,1448572776,true
"2025-08-06T14:02:23.696000","SOLUSDT",164.8,0.032,1448572777,true
"2025-08-06T14:02:23.696000","SOLUSDT",164.8,0.032,1448572778,true
"2025-08-06T14:02:23.696000","SOLUSDT",164.8,0.032,1448572779,true
"2025-08-06T14:02:23.696000","SOLUSDT",164.8,0.032,1448572780,true
"2025-08-06T14:02:23.696000","SOLUSDT",164.8,0.032,1448572781,true
"2025-08-06T14:02:23.696000","SOLUSDT",164.8,0.032,1448572782,true
"2025-08-06T14:02:23.696000","SOLUSDT",164.8,0.032,1448572783,true
"2025-08-06T14:02:23.696000","SOLUSDT",164.8,0.032,1448572784,true
"2025-08-06T14:02:23.696000","SOLUSDT",164.8,0.032,1448572785,true
"2025-08-06T14:02:23.696000","SOLUSDT",164.8,0.032,1448572786,true
"2025-08-06T14:02:23.696000","SOLUSDT",164.8,0.032,1448572787,true
"2025-08-06T14:02:23.496000","SOLUSDT",164.81,0.018,1448572740,true
"2025-08-06T14:02:23.496000","SOLUSDT",164.81,0.032,1448572741,true
"2025-08-06T14:02:23.496000","SOLUSDT",164.81,0.032,1448572742,true
"2025-08-06T14:02:23.496000","SOLUSDT",164.81,0.032,1448572743,true
"2025-08-06T14:02:23.496000","SOLUSDT",164.81,0.042,1448572744,true
"2025-08-06T14:02:23.496000","SOLUSDT",164.81,0.042,1448572745,true
"2025-08-06T14:02:23.496000","SOLUSDT",164.81,0.031,1448572746,true
"2025-08-06T14:02:23.496000","SOLUSDT",164.81,0.032,1448572747,true
"2025-08-06T14:02:23.496000","SOLUSDT",164.81,0.032,1448572748,true
"2025-08-06T14:02:23.496000","SOLUSDT",164.81,0.061,1448572749,true
"2025-08-06T14:02:23.496000","SOLUSDT",164.81,0.032,1448572750,true
"2025-08-06T14:02:23.496000","SOLUSDT",164.81,0.032,1448572751,true
"2025-08-06T14:02:23.496000","SOLUSDT",164.81,0.032,1448572752,true
"2025-08-06T14:02:23.496000","SOLUSDT",164.81,0.032,1448572753,true
"2025-08-06T14:02:23.496000","SOLUSDT",164.81,0.032,1448572754,true
"2025-08-06T14:02:23.496000","SOLUSDT",164.81,0.032,1448572755,true
"2025-08-06T14:02:23.496000","SOLUSDT",164.81,0.032,1448572756,true
"2025-08-06T14:02:23.496000","SOLUSDT",164.81,0.032,1448572757,true
"2025-08-06T14:02:23.496000","SOLUSDT",164.81,0.032,1448572758,true
"2025-08-06T14:02:23.496000","SOLUSDT",164.81,0.032,1448572759,true
"2025-08-06T14:02:23.496000","SOLUSDT",164.81,0.032,1448572760,true
"2025-08-06T14:02:23.496000","SOLUSDT",164.81,0.032,1448572761,true
"2025-08-06T14:02:23.496000","SOLUSDT",164.81,0.032,1448572762,true
"2025-08-06T14:02:23.496000","SOLUSDT",164.81,0.032,1448572763,true
"2025-08-06T14:02:23.496000","SOLUSDT",164.81,0.032,1448572764,true
"2025-08-06T14:02:23.496000","SOLUSDT",164.81,0.032,1448572765,true
"2025-08-06T14:02:23.496000","SOLUSDT",164.81,0.032,1448572766,true
"2025-08-06T14:02:23.368000","SOLUSDT",164.82,0.031,1448572718,true
"2025-08-06T14:02:23.368000","SOLUSDT",164.82,0.031,1448572719,true
"2025-08-06T14:02:23.368000","SOLUSDT",164.82,1.676,1448572720,true
"2025-08-06T14:02:23.368000","SOLUSDT",164.82,0.032,1448572721,true
"2025-08-06T14:02:23.368000","SOLUSDT",164.82,0.032,1448572722,true
"2025-08-06T14:02:23.368000","SOLUSDT",164.82,0.032,1448572723,true
"2025-08-06T14:02:23.368000","SOLUSDT",164.82,0.032,1448572724,true
"2025-08-06T14:02:23.368000","SOLUSDT",164.82,0.032,1448572725,true
"2025-08-06T14:02:23.368000","SOLUSDT",164.82,0.032,1448572726,true
"2025-08-06T14:02:23.368000","SOLUSDT",164.82,0.032,1448572727,true
"2025-08-06T14:02:23.368000","SOLUSDT",164.82,0.032,1448572728,true
"2025-08-06T14:02:23.368000","SOLUSDT",164.82,0.032,1448572729,true
"2025-08-06T14:02:23.368000","SOLUSDT",164.82,0.032,1448572730,true
"2025-08-06T14:02:23.368000","SOLUSDT",164.82,0.032,1448572731,true
"2025-08-06T14:02:23.368000","SOLUSDT",164.82,0.032,1448572732,true
"2025-08-06T14:02:23.368000","SOLUSDT",164.82,0.032,1448572733,true
"2025-08-06T14:02:23.368000","SOLUSDT",164.82,0.032,1448572734,true
"2025-08-06T14:02:23.368000","SOLUSDT",164.82,0.032,1448572735,true
"2025-08-06T14:02:23.368000","SOLUSDT",164.82,0.032,1448572736,true
"2025-08-06T14:02:23.368000","SOLUSDT",164.82,0.032,1448572737,true
"2025-08-06T14:02:23.368000","SOLUSDT",164.82,0.032,1448572738,true
"2025-08-06T14:02:23.368000","SOLUSDT",164.82,0.032,1448572739,true
"2025-08-06T14:02:20.696000","SOLUSDT",164.82,0.024,1448572707,false
"2025-08-06T14:02:20.696000","SOLUSDT",164.82,0.032,1448572708,false
"2025-08-06T14:02:20.696000","SOLUSDT",164.82,0.032,1448572709,false
"2025-08-06T14:02:20.696000","SOLUSDT",164.82,0.032,1448572710,false
"2025-08-06T14:02:20.696000","SOLUSDT",164.82,0.032,1448572711,false
"2025-08-06T14:02:20.696000","SOLUSDT",164.82,0.032,1448572712,false
"2025-08-06T14:02:20.696000","SOLUSDT",164.82,0.032,1448572713,false
"2025-08-06T14:02:20.696000","SOLUSDT",164.82,0.032,1448572714,false
"2025-08-06T14:02:20.696000","SOLUSDT",164.82,0.032,1448572715,false
"2025-08-06T14:02:20.696000","SOLUSDT",164.82,0.032,1448572716,false
"2025-08-06T14:02:20.696000","SOLUSDT",164.82,0.032,1448572717,false
"2025-08-06T14:02:20.695000","SOLUSDT",164.81,0.031,1448572701,true
"2025-08-06T14:02:20.695000","SOLUSDT",164.81,0.032,1448572702,true
"2025-08-06T14:02:20.695000","SOLUSDT",164.81,0.032,1448572703,true
"2025-08-06T14:02:20.695000","SOLUSDT",164.81,0.032,1448572704,true
"2025-08-06T14:02:20.695000","SOLUSDT",164.81,0.061,1448572705,true
"2025-08-06T14:02:20.695000","SOLUSDT",164.81,0.014,1448572706,true
"2025-08-06T14:02:20.680000","SOLUSDT",164.82,10.099,1448572687,false
"2025-08-06T14:02:20.680000","SOLUSDT",164.82,0.032,1448572688,false
"2025-08-06T14:02:20.680000","SOLUSDT",164.82,0.032,1448572689,false
"2025-08-06T14:02:20.680000","SOLUSDT",164.82,1.676,1448572690,false
"2025-08-06T14:02:20.680000","SOLUSDT",164.82,0.032,1448572691,false
"2025-08-06T14:02:20.680000","SOLUSDT",164.82,0.032,1448572692,false
"2025-08-06T14:02:20.680000","SOLUSDT",164.82,0.032,1448572693,false
"2025-08-06T14:02:20.680000","SOLUSDT",164.82,0.032,1448572694,false
"2025-08-06T14:02:20.680000","SOLUSDT",164.82,0.032,1448572695,false
"2025-08-06T14:02:20.680000","SOLUSDT",164.82,0.032,1448572696,false
"2025-08-06T14:02:20.680000","SOLUSDT",164.82,0.032,1448572697,false
"2025-08-06T14:02:20.680000","SOLUSDT",164.82,0.032,1448572698,false
"2025-08-06T14:02:20.680000","SOLUSDT",164.82,0.032,1448572699,false
"2025-08-06T14:02:20.680000","SOLUSDT",164.82,0.008,1448572700,false
"2025-08-06T14:02:20.235000","SOLUSDT",164.81,0.031,1448572684,true
"2025-08-06T14:02:20.235000","SOLUSDT",164.81,0.032,1448572685,true
"2025-08-06T14:02:20.235000","SOLUSDT",164.81,0.001,1448572686,true
"2025-08-06T14:02:20.231000","SOLUSDT",164.82,0.032,1448572681,true
"2025-08-06T14:02:20.231000","SOLUSDT",164.82,0.032,1448572682,true
"2025-08-06T14:02:20.231000","SOLUSDT",164.82,0.032,1448572683,true
"2025-08-06T14:02:20.229000","SOLUSDT",164.82,0.032,1448572669,true
"2025-08-06T14:02:20.229000","SOLUSDT",164.82,0.032,1448572670,true
"2025-08-06T14:02:20.229000","SOLUSDT",164.82,0.032,1448572671,true
"2025-08-06T14:02:20.229000","SOLUSDT",164.82,0.032,1448572672,true
"2025-08-06T14:02:20.229000","SOLUSDT",164.82,0.032,1448572673,true
"2025-08-06T14:02:20.229000","SOLUSDT",164.82,0.032,1448572674,true
"2025-08-06T14:02:20.229000","SOLUSDT",164.82,0.032,1448572675,true
"2025-08-06T14:02:20.229000","SOLUSDT",164.82,0.032,1448572676,true
"2025-08-06T14:02:20.229000","SOLUSDT",164.82,0.032,1448572677,true
"2025-08-06T14:02:20.229000","SOLUSDT",164.82,0.032,1448572678,true
"2025-08-06T14:02:20.229000","SOLUSDT",164.82,0.032,1448572679,true
"2025-08-06T14:02:20.229000","SOLUSDT",164.82,0.031,1448572680,true
"2025-08-06T14:02:20.229000","SOLUSDT",164.82,0.003,1448572666,true
"2025-08-06T14:02:20.229000","SOLUSDT",164.82,0.032,1448572667,true
"2025-08-06T14:02:20.229000","SOLUSDT",164.82,0.032,1448572668,true
"2025-08-06T14:02:20.022000","SOLUSDT",164.82,0.014,1448572660,true
"2025-08-06T14:02:20.022000","SOLUSDT",164.82,0.032,1448572661,true
"2025-08-06T14:02:20.022000","SOLUSDT",164.82,0.031,1448572662,true
"2025-08-06T14:02:20.022000","SOLUSDT",164.82,0.032,1448572663,true
"2025-08-06T14:02:20.022000","SOLUSDT",164.82,0.032,1448572664,true
"2025-08-06T14:02:20.022000","SOLUSDT",164.82,0.029,1448572665,true
"2025-08-06T14:02:19.892000","SOLUSDT",164.82,0.032,1448572648,true
"2025-08-06T14:02:19.892000","SOLUSDT",164.82,0.032,1448572649,true
"2025-08-06T14:02:19.892000","SOLUSDT",164.82,0.032,1448572650,true
"2025-08-06T14:02:19.892000","SOLUSDT",164.82,0.032,1448572651,true
"2025-08-06T14:02:19.892000","SOLUSDT",164.82,0.032,1448572652,true
"2025-08-06T14:02:19.892000","SOLUSDT",164.82,0.061,1448572653,true
"2025-08-06T14:02:19.892000","SOLUSDT",164.82,0.032,1448572654,true
"2025-08-06T14:02:19.892000","SOLUSDT",164.82,0.032,1448572655,true
"2025-08-06T14:02:19.892000","SOLUSDT",164.82,0.032,1448572656,true
"2025-08-06T14:02:19.892000","SOLUSDT",164.82,0.032,1448572657,true
"2025-08-06T14:02:19.892000","SOLUSDT",164.82,0.032,1448572658,true
"2025-08-06T14:02:19.892000","SOLUSDT",164.82,0.018,1448572659,true
"2025-08-06T14:02:19.623000","SOLUSDT",164.84,0.031,1448572612,true
"2025-08-06T14:02:19.623000","SOLUSDT",164.84,2.087,1448572613,true
"2025-08-06T14:02:19.623000","SOLUSDT",164.84,0.032,1448572614,true
"2025-08-06T14:02:19.623000","SOLUSDT",164.84,0.032,1448572615,true
"2025-08-06T14:02:19.623000","SOLUSDT",164.84,0.032,1448572616,true
"2025-08-06T14:02:19.623000","SOLUSDT",164.84,0.032,1448572617,true
"2025-08-06T14:02:19.623000","SOLUSDT",164.84,0.032,1448572618,true
"2025-08-06T14:02:19.623000","SOLUSDT",164.84,0.032,1448572619,true
