timestamp,symbol,price,quantity,trade_id,buyer_market_maker
"2025-08-05T15:36:14.280000","BTCUSDT",112815.93,0.01061,5134474338,true
"2025-08-05T15:36:14.280000","BTCUSDT",112815.93,0.00797,5134474339,true
"2025-08-05T15:36:14.280000","BTCUSDT",112815.93,0.00571,5134474340,true
"2025-08-05T15:36:14.280000","BTCUSDT",112815.93,0.000050,5134474341,true
"2025-08-05T15:36:14.280000","BTCUSDT",112815.93,0.000050,5134474342,true
"2025-08-05T15:36:14.280000","BTCUSDT",112815.93,0.000050,5134474343,true
"2025-08-05T15:36:14.280000","BTCUSDT",112815.93,0.00887,5134474344,true
"2025-08-05T15:36:14.280000","BTCUSDT",112815.93,0.000050,5134474345,true
"2025-08-05T15:36:14.280000","BTCUSDT",112815.93,0.00010,5134474346,true
"2025-08-05T15:36:14.280000","BTCUSDT",112815.93,0.000050,5134474347,true
"2025-08-05T15:36:14.280000","BTCUSDT",112815.93,0.000050,5134474348,true
"2025-08-05T15:36:14.280000","BTCUSDT",112815.93,0.000050,5134474349,true
"2025-08-05T15:36:14.280000","BTCUSDT",112815.93,0.000050,5134474350,true
"2025-08-05T15:36:14.280000","BTCUSDT",112815.93,0.000050,5134474351,true
"2025-08-05T15:36:14.280000","BTCUSDT",112815.93,0.000050,5134474352,true
"2025-08-05T15:36:14.280000","BTCUSDT",112815.93,0.000050,5134474353,true
"2025-08-05T15:36:14.280000","BTCUSDT",112815.93,0.000050,5134474354,true
"2025-08-05T15:36:14.280000","BTCUSDT",112815.93,0.000050,5134474355,true
"2025-08-05T15:36:14.280000","BTCUSDT",112815.93,0.000050,5134474356,true
"2025-08-05T15:36:14.280000","BTCUSDT",112815.93,0.000050,5134474357,true
"2025-08-05T15:36:14.280000","BTCUSDT",112815.93,0.000050,5134474358,true
"2025-08-05T15:36:14.280000","BTCUSDT",112815.93,0.00010,5134474359,true
"2025-08-05T15:36:14.280000","BTCUSDT",112815.93,0.000050,5134474360,true
"2025-08-05T15:36:14.280000","BTCUSDT",112815.93,0.000050,5134474361,true
"2025-08-05T15:36:14.280000","BTCUSDT",112815.93,0.00010,5134474362,true
"2025-08-05T15:36:14.280000","BTCUSDT",112815.93,0.000050,5134474363,true
"2025-08-05T15:36:14.280000","BTCUSDT",112815.93,0.000050,5134474364,true
"2025-08-05T15:36:14.280000","BTCUSDT",112815.93,0.000050,5134474365,true
"2025-08-05T15:36:14.280000","BTCUSDT",112815.93,0.000050,5134474366,true
"2025-08-05T15:36:14.280000","BTCUSDT",112815.93,0.000050,5134474367,true
"2025-08-05T15:36:14.280000","BTCUSDT",112815.93,0.000050,5134474368,true
"2025-08-05T15:36:14.280000","BTCUSDT",112815.93,0.000050,5134474369,true
"2025-08-05T15:36:14.280000","BTCUSDT",112815.93,0.00010,5134474370,true
"2025-08-05T15:36:14.280000","BTCUSDT",112815.93,0.000050,5134474371,true
"2025-08-05T15:36:14.280000","BTCUSDT",112815.93,0.000050,5134474372,true
"2025-08-05T15:36:14.280000","BTCUSDT",112815.93,0.000050,5134474373,true
"2025-08-05T15:36:14.280000","BTCUSDT",112815.92,0.000050,5134474374,true
"2025-08-05T15:36:14.280000","BTCUSDT",112815.92,0.000050,5134474375,true
"2025-08-05T15:36:14.280000","BTCUSDT",112815.92,0.000050,5134474376,true
"2025-08-05T15:36:14.280000","BTCUSDT",112815.92,0.000050,5134474377,true
"2025-08-05T15:36:14.280000","BTCUSDT",112815.92,0.000050,5134474378,true
"2025-08-05T15:36:14.280000","BTCUSDT",112815.92,0.000050,5134474379,true
"2025-08-05T15:36:14.280000","BTCUSDT",112815.92,0.000050,5134474380,true
"2025-08-05T15:36:14.280000","BTCUSDT",112815.92,0.000050,5134474381,true
"2025-08-05T15:36:14.280000","BTCUSDT",112815.92,0.000050,5134474382,true
"2025-08-05T15:36:14.280000","BTCUSDT",112815.92,0.000050,5134474383,true
"2025-08-05T15:36:14.280000","BTCUSDT",112815.92,0.00010,5134474384,true
"2025-08-05T15:36:14.280000","BTCUSDT",112815.92,0.000050,5134474385,true
"2025-08-05T15:36:14.280000","BTCUSDT",112815.92,0.000050,5134474386,true
"2025-08-05T15:36:14.280000","BTCUSDT",112815.92,0.000050,5134474387,true
"2025-08-05T15:36:14.280000","BTCUSDT",112815.04,0.000050,5134474388,true
"2025-08-05T15:36:14.280000","BTCUSDT",112814.13,0.00233,5134474389,true
"2025-08-05T15:36:14.280000","BTCUSDT",112814.13,0.00010,5134474390,true
"2025-08-05T15:36:14.280000","BTCUSDT",112813.91,0.000050,5134474391,true
"2025-08-05T15:36:14.280000","BTCUSDT",112811.11,0.00018,5134474392,true
"2025-08-05T15:36:14.280000","BTCUSDT",112810.53,0.000050,5134474393,true
"2025-08-05T15:36:14.280000","BTCUSDT",112810.29,0.00149,5134474394,true
"2025-08-05T15:36:14.280000","BTCUSDT",112810.29,0.00010,5134474395,true
"2025-08-05T15:36:14.280000","BTCUSDT",112809.77,0.000050,5134474396,true
"2025-08-05T15:36:14.280000","BTCUSDT",112809.77,0.000050,5134474397,true
"2025-08-05T15:36:14.280000","BTCUSDT",112809.77,0.000050,5134474398,true
"2025-08-05T15:36:14.266000","BTCUSDT",112815.93,0.00095,5134474337,true
"2025-08-05T15:36:14.252000","BTCUSDT",112815.93,0.00989,5134474336,true
"2025-08-05T15:36:14.242000","BTCUSDT",112815.93,0.00070,5134474335,true
"2025-08-05T15:36:14.146000","BTCUSDT",112815.94,0.00034,5134474334,false
"2025-08-05T15:36:14.119000","BTCUSDT",112815.94,0.00138,5134474333,false
"2025-08-05T15:36:13.992000","BTCUSDT",112815.93,0.00045,5134474332,true
"2025-08-05T15:36:13.975000","BTCUSDT",112815.93,0.00096,5134474331,true
"2025-08-05T15:36:13.975000","BTCUSDT",112815.93,0.000040,5134474330,true
"2025-08-05T15:36:13.888000","BTCUSDT",112815.94,0.000060,5134474329,false
"2025-08-05T15:36:13.705000","BTCUSDT",112815.93,0.002,5134474328,true
"2025-08-05T15:36:13.572000","BTCUSDT",112815.93,0.00771,5134474327,true
"2025-08-05T15:36:13.572000","BTCUSDT",112815.93,0.000050,5134474325,true
"2025-08-05T15:36:13.572000","BTCUSDT",112815.93,0.000050,5134474326,true
"2025-08-05T15:36:13.503000","BTCUSDT",112815.94,0.00020,5134474324,false
"2025-08-05T15:36:13.426000","BTCUSDT",112815.93,0.004,5134474323,true
"2025-08-05T15:36:13.394000","BTCUSDT",112815.93,0.00049,5134474322,true
"2025-08-05T15:36:13.394000","BTCUSDT",112815.93,0.00397,5134474321,true
"2025-08-05T15:36:13.238000","BTCUSDT",112815.93,0.002,5134474320,true
"2025-08-05T15:36:13.152000","BTCUSDT",112815.94,0.00941,5134474318,false
"2025-08-05T15:36:13.152000","BTCUSDT",112815.94,0.00065,5134474319,false
"2025-08-05T15:36:13.150000","BTCUSDT",112815.93,0.002,5134474317,true
"2025-08-05T15:36:13.032000","BTCUSDT",112815.93,0.00458,5134474316,true
"2025-08-05T15:36:13.032000","BTCUSDT",112815.93,0.00117,5134474310,true
"2025-08-05T15:36:13.032000","BTCUSDT",112815.93,0.000050,5134474311,true
"2025-08-05T15:36:13.032000","BTCUSDT",112815.93,0.000050,5134474312,true
"2025-08-05T15:36:13.032000","BTCUSDT",112815.93,0.000050,5134474313,true
"2025-08-05T15:36:13.032000","BTCUSDT",112815.93,0.000050,5134474314,true
"2025-08-05T15:36:13.032000","BTCUSDT",112815.93,0.000050,5134474315,true
"2025-08-05T15:36:13.004000","BTCUSDT",112815.94,0.00044,5134474309,false
"2025-08-05T15:36:12.933000","BTCUSDT",112815.93,0.004,5134474308,true
"2025-08-05T15:36:12.798000","BTCUSDT",112815.93,0.00010,5134474281,true
"2025-08-05T15:36:12.798000","BTCUSDT",112815.93,0.000050,5134474282,true
"2025-08-05T15:36:12.798000","BTCUSDT",112815.93,0.000050,5134474283,true
"2025-08-05T15:36:12.798000","BTCUSDT",112815.93,0.000050,5134474284,true
"2025-08-05T15:36:12.798000","BTCUSDT",112815.93,0.00010,5134474285,true
"2025-08-05T15:36:12.798000","BTCUSDT",112815.93,0.00010,5134474286,true
"2025-08-05T15:36:12.798000","BTCUSDT",112815.93,0.000050,5134474287,true
"2025-08-05T15:36:12.798000","BTCUSDT",112815.93,0.000050,5134474288,true
"2025-08-05T15:36:12.798000","BTCUSDT",112815.93,0.000050,5134474289,true
"2025-08-05T15:36:12.798000","BTCUSDT",112815.93,0.000050,5134474290,true
"2025-08-05T15:36:12.798000","BTCUSDT",112815.93,0.000050,5134474291,true
"2025-08-05T15:36:12.798000","BTCUSDT",112815.93,0.000050,5134474292,true
"2025-08-05T15:36:12.798000","BTCUSDT",112815.93,0.000050,5134474293,true
"2025-08-05T15:36:12.798000","BTCUSDT",112815.93,0.000050,5134474294,true
"2025-08-05T15:36:12.798000","BTCUSDT",112815.93,0.000050,5134474295,true
"2025-08-05T15:36:12.798000","BTCUSDT",112815.93,0.000050,5134474296,true
"2025-08-05T15:36:12.798000","BTCUSDT",112815.93,0.000050,5134474297,true
"2025-08-05T15:36:12.798000","BTCUSDT",112815.93,0.000050,5134474298,true
"2025-08-05T15:36:12.798000","BTCUSDT",112815.93,0.000050,5134474299,true
"2025-08-05T15:36:12.798000","BTCUSDT",112815.93,0.000050,5134474300,true
"2025-08-05T15:36:12.798000","BTCUSDT",112815.93,0.000050,5134474301,true
"2025-08-05T15:36:12.798000","BTCUSDT",112815.93,0.000050,5134474302,true
"2025-08-05T15:36:12.798000","BTCUSDT",112815.93,0.000050,5134474303,true
"2025-08-05T15:36:12.798000","BTCUSDT",112815.93,0.000050,5134474304,true
"2025-08-05T15:36:12.798000","BTCUSDT",112815.93,0.00010,5134474305,true
"2025-08-05T15:36:12.798000","BTCUSDT",112815.93,0.00255,5134474306,true
"2025-08-05T15:36:12.798000","BTCUSDT",112815.93,0.01,5134474307,true
"2025-08-05T15:36:12.775000","BTCUSDT",112819.61,0.24239,5134474226,true
"2025-08-05T15:36:12.775000","BTCUSDT",112819.61,0.1302,5134474227,true
"2025-08-05T15:36:12.775000","BTCUSDT",112819.61,0.000050,5134474228,true
"2025-08-05T15:36:12.775000","BTCUSDT",112819.61,0.01348,5134474229,true
"2025-08-05T15:36:12.775000","BTCUSDT",112819.61,0.01092,5134474230,true
"2025-08-05T15:36:12.775000","BTCUSDT",112819.61,0.03781,5134474231,true
"2025-08-05T15:36:12.775000","BTCUSDT",112819.61,0.05653,5134474232,true
"2025-08-05T15:36:12.775000","BTCUSDT",112819.61,0.01772,5134474233,true
"2025-08-05T15:36:12.775000","BTCUSDT",112819.61,0.000050,5134474234,true
"2025-08-05T15:36:12.775000","BTCUSDT",112819.61,0.000050,5134474235,true
"2025-08-05T15:36:12.775000","BTCUSDT",112819.61,0.000050,5134474236,true
"2025-08-05T15:36:12.775000","BTCUSDT",112819.61,0.000050,5134474237,true
"2025-08-05T15:36:12.775000","BTCUSDT",112819.61,0.00887,5134474238,true
"2025-08-05T15:36:12.775000","BTCUSDT",112819.61,0.00107,5134474239,true
"2025-08-05T15:36:12.775000","BTCUSDT",112819.61,0.000050,5134474240,true
"2025-08-05T15:36:12.775000","BTCUSDT",112819.61,0.000050,5134474241,true
"2025-08-05T15:36:12.775000","BTCUSDT",112819.61,0.000050,5134474242,true
"2025-08-05T15:36:12.775000","BTCUSDT",112819.61,0.000050,5134474243,true
"2025-08-05T15:36:12.775000","BTCUSDT",112819.61,0.000050,5134474244,true
"2025-08-05T15:36:12.775000","BTCUSDT",112819.61,0.000050,5134474245,true
"2025-08-05T15:36:12.775000","BTCUSDT",112819.61,0.000050,5134474246,true
"2025-08-05T15:36:12.775000","BTCUSDT",112819.61,0.000050,5134474247,true
"2025-08-05T15:36:12.775000","BTCUSDT",112819.61,0.000050,5134474248,true
"2025-08-05T15:36:12.775000","BTCUSDT",112819.61,0.000050,5134474249,true
"2025-08-05T15:36:12.775000","BTCUSDT",112819.61,0.00010,5134474250,true
"2025-08-05T15:36:12.775000","BTCUSDT",112819.61,0.00010,5134474251,true
"2025-08-05T15:36:12.775000","BTCUSDT",112819.61,0.00010,5134474252,true
"2025-08-05T15:36:12.775000","BTCUSDT",112819.61,0.000050,5134474253,true
"2025-08-05T15:36:12.775000","BTCUSDT",112819.61,0.000050,5134474254,true
"2025-08-05T15:36:12.775000","BTCUSDT",112819.61,0.000050,5134474255,true
"2025-08-05T15:36:12.775000","BTCUSDT",112819.61,0.000050,5134474256,true
"2025-08-05T15:36:12.775000","BTCUSDT",112819.61,0.000050,5134474257,true
"2025-08-05T15:36:12.775000","BTCUSDT",112819.61,0.000050,5134474258,true
"2025-08-05T15:36:12.775000","BTCUSDT",112819.61,0.00010,5134474259,true
"2025-08-05T15:36:12.775000","BTCUSDT",112819.61,0.000050,5134474260,true
"2025-08-05T15:36:12.775000","BTCUSDT",112819.61,0.000050,5134474261,true
"2025-08-05T15:36:12.775000","BTCUSDT",112819.61,0.000050,5134474262,true
"2025-08-05T15:36:12.775000","BTCUSDT",112819.61,0.000050,5134474263,true
"2025-08-05T15:36:12.775000","BTCUSDT",112819.61,0.000050,5134474264,true
"2025-08-05T15:36:12.775000","BTCUSDT",112819.61,0.000050,5134474265,true
"2025-08-05T15:36:12.775000","BTCUSDT",112819.6,0.000050,5134474266,true
"2025-08-05T15:36:12.775000","BTCUSDT",112819.6,0.000050,5134474267,true
"2025-08-05T15:36:12.775000","BTCUSDT",112819.6,0.000050,5134474268,true
"2025-08-05T15:36:12.775000","BTCUSDT",112819.6,0.000050,5134474269,true
"2025-08-05T15:36:12.775000","BTCUSDT",112819.6,0.000050,5134474270,true
"2025-08-05T15:36:12.775000","BTCUSDT",112819.6,0.000050,5134474271,true
"2025-08-05T15:36:12.775000","BTCUSDT",112819.6,0.000050,5134474272,true
"2025-08-05T15:36:12.775000","BTCUSDT",112819.6,0.000050,5134474273,true
"2025-08-05T15:36:12.775000","BTCUSDT",112819.6,0.00010,5134474274,true
"2025-08-05T15:36:12.775000","BTCUSDT",112819.6,0.000050,5134474275,true
"2025-08-05T15:36:12.775000","BTCUSDT",112819.6,0.000050,5134474276,true
"2025-08-05T15:36:12.775000","BTCUSDT",112819.6,0.000050,5134474277,true
"2025-08-05T15:36:12.775000","BTCUSDT",112815.94,0.000050,5134474278,true
"2025-08-05T15:36:12.775000","BTCUSDT",112815.94,0.000050,5134474279,true
"2025-08-05T15:36:12.775000","BTCUSDT",112815.94,0.000050,5134474280,true
"2025-08-05T15:36:12.771000","BTCUSDT",112819.61,0.004,5134474225,true
"2025-08-05T15:36:12.667000","BTCUSDT",112819.62,0.002,5134474224,false
"2025-08-05T15:36:12.630000","BTCUSDT",112819.61,0.008,5134474223,true
"2025-08-05T15:36:12.596000","BTCUSDT",112819.61,0.004,5134474222,true
"2025-08-05T15:36:12.548000","BTCUSDT",112819.62,0.00127,5134474221,false
"2025-08-05T15:36:12.502000","BTCUSDT",112819.62,0.00024,5134474220,false
"2025-08-05T15:36:12.392000","BTCUSDT",112819.61,0.002,5134474219,true
"2025-08-05T15:36:12.326000","BTCUSDT",112819.61,0.002,5134474218,true
"2025-08-05T15:36:12.203000","BTCUSDT",112819.61,0.000060,5134474217,true
"2025-08-05T15:36:12.094000","BTCUSDT",112819.61,0.00446,5134474216,true
"2025-08-05T15:36:11.788000","BTCUSDT",112819.61,0.006,5134474215,true
"2025-08-05T15:36:11.748000","BTCUSDT",112819.61,0.00041,5134474214,true
"2025-08-05T15:36:11.741000","BTCUSDT",112819.62,0.00067,5134474213,false
"2025-08-05T15:36:11.646000","BTCUSDT",112819.61,0.004,5134474212,true
"2025-08-05T15:36:11.499000","BTCUSDT",112819.62,0.000050,5134474209,false
"2025-08-05T15:36:11.499000","BTCUSDT",112819.62,0.000050,5134474210,false
"2025-08-05T15:36:11.499000","BTCUSDT",112819.62,0.000060,5134474211,false
"2025-08-05T15:36:11.415000","BTCUSDT",112806.21,0.00012,5134474107,false
"2025-08-05T15:36:11.415000","BTCUSDT",112806.21,0.000050,5134474108,false
"2025-08-05T15:36:11.415000","BTCUSDT",112806.21,0.000050,5134474109,false
"2025-08-05T15:36:11.415000","BTCUSDT",112806.21,0.000050,5134474110,false
"2025-08-05T15:36:11.415000","BTCUSDT",112806.21,0.000050,5134474111,false
"2025-08-05T15:36:11.415000","BTCUSDT",112806.21,0.000050,5134474112,false
"2025-08-05T15:36:11.415000","BTCUSDT",112806.21,0.000050,5134474113,false
"2025-08-05T15:36:11.415000","BTCUSDT",112806.21,0.000050,5134474114,false
"2025-08-05T15:36:11.415000","BTCUSDT",112806.21,0.000050,5134474115,false
"2025-08-05T15:36:11.415000","BTCUSDT",112806.21,0.000050,5134474116,false
"2025-08-05T15:36:11.415000","BTCUSDT",112806.21,0.000050,5134474117,false
"2025-08-05T15:36:11.415000","BTCUSDT",112806.21,0.000050,5134474118,false
"2025-08-05T15:36:11.415000","BTCUSDT",112806.21,0.000050,5134474119,false
"2025-08-05T15:36:11.415000","BTCUSDT",112806.21,0.000050,5134474120,false
"2025-08-05T15:36:11.415000","BTCUSDT",112806.21,0.000050,5134474121,false
"2025-08-05T15:36:11.415000","BTCUSDT",112806.21,0.000050,5134474122,false
"2025-08-05T15:36:11.415000","BTCUSDT",112806.21,0.000050,5134474123,false
"2025-08-05T15:36:11.415000","BTCUSDT",112806.21,0.000050,5134474124,false
"2025-08-05T15:36:11.415000","BTCUSDT",112806.21,0.000050,5134474125,false
"2025-08-05T15:36:11.415000","BTCUSDT",112806.21,0.00010,5134474126,false
"2025-08-05T15:36:11.415000","BTCUSDT",112806.21,0.00010,5134474127,false
"2025-08-05T15:36:11.415000","BTCUSDT",112806.21,0.00010,5134474128,false
"2025-08-05T15:36:11.415000","BTCUSDT",112806.21,0.000050,5134474129,false
"2025-08-05T15:36:11.415000","BTCUSDT",112806.21,0.000050,5134474130,false
"2025-08-05T15:36:11.415000","BTCUSDT",112806.21,0.000050,5134474131,false
"2025-08-05T15:36:11.415000","BTCUSDT",112806.21,0.000050,5134474132,false
"2025-08-05T15:36:11.415000","BTCUSDT",112806.22,0.000050,5134474133,false
"2025-08-05T15:36:11.415000","BTCUSDT",112806.22,0.000050,5134474134,false
"2025-08-05T15:36:11.415000","BTCUSDT",112806.22,0.000050,5134474135,false
"2025-08-05T15:36:11.415000","BTCUSDT",112806.22,0.000050,5134474136,false
"2025-08-05T15:36:11.415000","BTCUSDT",112806.22,0.000050,5134474137,false
"2025-08-05T15:36:11.415000","BTCUSDT",112806.22,0.000050,5134474138,false
"2025-08-05T15:36:11.415000","BTCUSDT",112806.22,0.000050,5134474139,false
"2025-08-05T15:36:11.415000","BTCUSDT",112806.22,0.000050,5134474140,false
"2025-08-05T15:36:11.415000","BTCUSDT",112806.22,0.000050,5134474141,false
"2025-08-05T15:36:11.415000","BTCUSDT",112806.22,0.000050,5134474142,false
"2025-08-05T15:36:11.415000","BTCUSDT",112806.22,0.00010,5134474143,false
"2025-08-05T15:36:11.415000","BTCUSDT",112806.58,0.00012,5134474144,false
"2025-08-05T15:36:11.415000","BTCUSDT",112806.58,0.000050,5134474145,false
"2025-08-05T15:36:11.415000","BTCUSDT",112806.58,0.000050,5134474146,false
"2025-08-05T15:36:11.415000","BTCUSDT",112806.58,0.000050,5134474147,false
"2025-08-05T15:36:11.415000","BTCUSDT",112806.58,0.000050,5134474148,false
"2025-08-05T15:36:11.415000","BTCUSDT",112806.87,0.00050,5134474149,false
"2025-08-05T15:36:11.415000","BTCUSDT",112806.87,0.00028,5134474150,false
"2025-08-05T15:36:11.415000","BTCUSDT",112807.13,0.000050,5134474151,false
"2025-08-05T15:36:11.415000","BTCUSDT",112807.58,0.00044,5134474152,false
"2025-08-05T15:36:11.415000","BTCUSDT",112807.69,0.00010,5134474153,false
"2025-08-05T15:36:11.415000","BTCUSDT",112807.71,0.00029,5134474154,false
"2025-08-05T15:36:11.415000","BTCUSDT",112807.77,0.000050,5134474155,false
"2025-08-05T15:36:11.415000","BTCUSDT",112807.77,0.000050,5134474156,false
"2025-08-05T15:36:11.415000","BTCUSDT",112807.77,0.000050,5134474157,false
"2025-08-05T15:36:11.415000","BTCUSDT",112808.12,0.00029,5134474158,false
"2025-08-05T15:36:11.415000","BTCUSDT",112808.26,0.000050,5134474159,false
"2025-08-05T15:36:11.415000","BTCUSDT",112808.97,0.01178,5134474160,false
"2025-08-05T15:36:11.415000","BTCUSDT",112808.97,0.000050,5134474161,false
"2025-08-05T15:36:11.415000","BTCUSDT",112808.97,0.000050,5134474162,false
"2025-08-05T15:36:11.415000","BTCUSDT",112808.97,0.00010,5134474163,false
"2025-08-05T15:36:11.415000","BTCUSDT",112809.39,0.000050,5134474164,false
"2025-08-05T15:36:11.415000","BTCUSDT",112809.63,0.00012,5134474165,false
"2025-08-05T15:36:11.415000","BTCUSDT",112810.58,0.00089,5134474166,false
"2025-08-05T15:36:11.415000","BTCUSDT",112810.71,0.00115,5134474167,false
"2025-08-05T15:36:11.415000","BTCUSDT",112810.71,0.00010,5134474168,false
"2025-08-05T15:36:11.415000","BTCUSDT",112810.74,0.00010,5134474169,false
"2025-08-05T15:36:11.415000","BTCUSDT",112811.13,0.00029,5134474170,false
"2025-08-05T15:36:11.415000","BTCUSDT",112811.17,0.00115,5134474171,false
"2025-08-05T15:36:11.415000","BTCUSDT",112812.08,0.000050,5134474172,false
"2025-08-05T15:36:11.415000","BTCUSDT",112812.08,0.000050,5134474173,false
"2025-08-05T15:36:11.415000","BTCUSDT",112812.08,0.000050,5134474174,false
"2025-08-05T15:36:11.415000","BTCUSDT",112812.24,0.000050,5134474175,false
"2025-08-05T15:36:11.415000","BTCUSDT",112812.68,0.000050,5134474176,false
"2025-08-05T15:36:11.415000","BTCUSDT",112812.68,0.000050,5134474177,false
"2025-08-05T15:36:11.415000","BTCUSDT",112812.68,0.000050,5134474178,false
"2025-08-05T15:36:11.415000","BTCUSDT",112812.68,0.000050,5134474179,false
"2025-08-05T15:36:11.415000","BTCUSDT",112812.68,0.000050,5134474180,false
"2025-08-05T15:36:11.415000","BTCUSDT",112813.73,0.000050,5134474181,false
"2025-08-05T15:36:11.415000","BTCUSDT",112814.16,0.000050,5134474182,false
"2025-08-05T15:36:11.415000","BTCUSDT",112814.16,0.000050,5134474183,false
"2025-08-05T15:36:11.415000","BTCUSDT",112814.16,0.000050,5134474184,false
"2025-08-05T15:36:11.415000","BTCUSDT",112814.26,0.00082,5134474185,false
"2025-08-05T15:36:11.415000","BTCUSDT",112814.67,0.00087,5134474186,false
"2025-08-05T15:36:11.415000","BTCUSDT",112814.81,0.000050,5134474187,false
"2025-08-05T15:36:11.415000","BTCUSDT",112814.81,0.000050,5134474188,false
"2025-08-05T15:36:11.415000","BTCUSDT",112814.81,0.000050,5134474189,false
"2025-08-05T15:36:11.415000","BTCUSDT",112814.81,0.000050,5134474190,false
"2025-08-05T15:36:11.415000","BTCUSDT",112814.81,0.000050,5134474191,false
"2025-08-05T15:36:11.415000","BTCUSDT",112814.81,0.000050,5134474192,false
"2025-08-05T15:36:11.415000","BTCUSDT",112814.9,0.00010,5134474193,false
"2025-08-05T15:36:11.415000","BTCUSDT",112815.32,0.00082,5134474194,false
"2025-08-05T15:36:11.415000","BTCUSDT",112815.55,0.00018,5134474195,false
"2025-08-05T15:36:11.415000","BTCUSDT",112815.63,0.00115,5134474196,false
"2025-08-05T15:36:11.415000","BTCUSDT",112815.85,0.00082,5134474197,false
"2025-08-05T15:36:11.415000","BTCUSDT",112816.0,0.002,5134474198,false
"2025-08-05T15:36:11.415000","BTCUSDT",112817.23,0.000050,5134474199,false
"2025-08-05T15:36:11.415000","BTCUSDT",112817.34,0.003,5134474200,false
"2025-08-05T15:36:11.415000","BTCUSDT",112817.55,0.00053,5134474201,false
"2025-08-05T15:36:11.415000","BTCUSDT",112818.07,0.00087,5134474202,false
"2025-08-05T15:36:11.415000","BTCUSDT",112818.48,0.00010,5134474203,false
"2025-08-05T15:36:11.415000","BTCUSDT",112818.76,0.01291,5134474204,false
"2025-08-05T15:36:11.415000","BTCUSDT",112819.55,0.00133,5134474205,false
"2025-08-05T15:36:11.415000","BTCUSDT",112819.61,0.000050,5134474206,false
"2025-08-05T15:36:11.415000","BTCUSDT",112819.61,0.000050,5134474207,false
"2025-08-05T15:36:11.415000","BTCUSDT",112819.61,0.000050,5134474208,false
"2025-08-05T15:36:11.353000","BTCUSDT",112801.48,0.000050,5134474106,false
"2025-08-05T15:36:11.352000","BTCUSDT",112800.78,0.04057,5134474100,false
"2025-08-05T15:36:11.352000","BTCUSDT",112800.78,0.000050,5134474101,false
"2025-08-05T15:36:11.352000","BTCUSDT",112800.78,0.000050,5134474102,false
"2025-08-05T15:36:11.352000","BTCUSDT",112800.78,0.000050,5134474103,false
"2025-08-05T15:36:11.352000","BTCUSDT",112800.78,0.000050,5134474104,false
"2025-08-05T15:36:11.352000","BTCUSDT",112800.78,0.000050,5134474105,false
"2025-08-05T15:36:11.351000","BTCUSDT",112800.0,0.000030,5134474093,false
"2025-08-05T15:36:11.351000","BTCUSDT",112800.0,0.000050,5134474094,false
"2025-08-05T15:36:11.351000","BTCUSDT",112800.0,0.00010,5134474095,false
"2025-08-05T15:36:11.351000","BTCUSDT",112800.28,0.000050,5134474096,false
"2025-08-05T15:36:11.351000","BTCUSDT",112800.28,0.000050,5134474097,false
"2025-08-05T15:36:11.351000","BTCUSDT",112800.28,0.000050,5134474098,false
"2025-08-05T15:36:11.351000","BTCUSDT",112800.35,0.000050,5134474099,false
"2025-08-05T15:36:11.350000","BTCUSDT",112799.79,0.00947,5134474030,false
"2025-08-05T15:36:11.350000","BTCUSDT",112799.79,0.00177,5134474031,false
"2025-08-05T15:36:11.350000","BTCUSDT",112799.79,0.000050,5134474032,false
"2025-08-05T15:36:11.350000","BTCUSDT",112799.79,0.000050,5134474033,false
"2025-08-05T15:36:11.350000","BTCUSDT",112799.79,0.00010,5134474034,false
"2025-08-05T15:36:11.350000","BTCUSDT",112799.79,0.00010,5134474035,false
"2025-08-05T15:36:11.350000","BTCUSDT",112799.79,0.00010,5134474036,false
"2025-08-05T15:36:11.350000","BTCUSDT",112799.79,0.000050,5134474037,false
"2025-08-05T15:36:11.350000","BTCUSDT",112799.79,0.000050,5134474038,false
"2025-08-05T15:36:11.350000","BTCUSDT",112799.79,0.000050,5134474039,false
"2025-08-05T15:36:11.350000","BTCUSDT",112799.79,0.000050,5134474040,false
"2025-08-05T15:36:11.350000","BTCUSDT",112799.79,0.000050,5134474041,false
"2025-08-05T15:36:11.350000","BTCUSDT",112799.79,0.000050,5134474042,false
"2025-08-05T15:36:11.350000","BTCUSDT",112799.79,0.00024,5134474043,false
"2025-08-05T15:36:11.350000","BTCUSDT",112799.79,0.000050,5134474044,false
"2025-08-05T15:36:11.350000","BTCUSDT",112799.79,0.000050,5134474045,false
"2025-08-05T15:36:11.350000","BTCUSDT",112799.79,0.000050,5134474046,false
"2025-08-05T15:36:11.350000","BTCUSDT",112799.79,0.000050,5134474047,false
"2025-08-05T15:36:11.350000","BTCUSDT",112799.79,0.000050,5134474048,false
"2025-08-05T15:36:11.350000","BTCUSDT",112799.79,0.000050,5134474049,false
"2025-08-05T15:36:11.350000","BTCUSDT",112799.79,0.000050,5134474050,false
"2025-08-05T15:36:11.350000","BTCUSDT",112799.79,0.000050,5134474051,false
"2025-08-05T15:36:11.350000","BTCUSDT",112799.79,0.000050,5134474052,false
"2025-08-05T15:36:11.350000","BTCUSDT",112799.79,0.000050,5134474053,false
"2025-08-05T15:36:11.350000","BTCUSDT",112799.79,0.000050,5134474054,false
"2025-08-05T15:36:11.350000","BTCUSDT",112799.79,0.000050,5134474055,false
"2025-08-05T15:36:11.350000","BTCUSDT",112799.79,0.000050,5134474056,false
"2025-08-05T15:36:11.350000","BTCUSDT",112799.79,0.000050,5134474057,false
"2025-08-05T15:36:11.350000","BTCUSDT",112799.79,0.000050,5134474058,false
"2025-08-05T15:36:11.350000","BTCUSDT",112799.79,0.00959,5134474059,false
"2025-08-05T15:36:11.350000","BTCUSDT",112799.79,0.000050,5134474060,false
"2025-08-05T15:36:11.350000","BTCUSDT",112799.79,0.000050,5134474061,false
"2025-08-05T15:36:11.350000","BTCUSDT",112799.79,0.000050,5134474062,false
"2025-08-05T15:36:11.350000","BTCUSDT",112799.79,0.000050,5134474063,false
"2025-08-05T15:36:11.350000","BTCUSDT",112799.79,0.00010,5134474064,false
"2025-08-05T15:36:11.350000","BTCUSDT",112799.79,0.000050,5134474065,false
"2025-08-05T15:36:11.350000","BTCUSDT",112799.79,0.000050,5134474066,false
"2025-08-05T15:36:11.350000","BTCUSDT",112799.79,0.000050,5134474067,false
"2025-08-05T15:36:11.350000","BTCUSDT",112799.79,0.000050,5134474068,false
"2025-08-05T15:36:11.350000","BTCUSDT",112799.79,0.000050,5134474069,false
"2025-08-05T15:36:11.350000","BTCUSDT",112799.79,0.000050,5134474070,false
"2025-08-05T15:36:11.350000","BTCUSDT",112799.79,0.000050,5134474071,false
"2025-08-05T15:36:11.350000","BTCUSDT",112799.79,0.000050,5134474072,false
"2025-08-05T15:36:11.350000","BTCUSDT",112799.79,0.000050,5134474073,false
"2025-08-05T15:36:11.350000","BTCUSDT",112799.79,0.000050,5134474074,false
"2025-08-05T15:36:11.350000","BTCUSDT",112799.79,0.000050,5134474075,false
"2025-08-05T15:36:11.350000","BTCUSDT",112799.8,0.000050,5134474076,false
"2025-08-05T15:36:11.350000","BTCUSDT",112799.8,0.000050,5134474077,false
"2025-08-05T15:36:11.350000","BTCUSDT",112799.8,0.000050,5134474078,false
"2025-08-05T15:36:11.350000","BTCUSDT",112799.8,0.00010,5134474079,false
"2025-08-05T15:36:11.350000","BTCUSDT",112799.8,0.000050,5134474080,false
"2025-08-05T15:36:11.350000","BTCUSDT",112799.8,0.000050,5134474081,false
"2025-08-05T15:36:11.350000","BTCUSDT",112799.8,0.000050,5134474082,false
"2025-08-05T15:36:11.350000","BTCUSDT",112799.8,0.000030,5134474083,false
"2025-08-05T15:36:11.350000","BTCUSDT",112799.8,0.000020,5134474084,false
"2025-08-05T15:36:11.350000","BTCUSDT",112799.8,0.000050,5134474085,false
"2025-08-05T15:36:11.350000","BTCUSDT",112799.8,0.000050,5134474086,false
"2025-08-05T15:36:11.350000","BTCUSDT",112799.81,0.000050,5134474087,false
"2025-08-05T15:36:11.350000","BTCUSDT",112800.0,0.00010,5134474088,false
"2025-08-05T15:36:11.350000","BTCUSDT",112800.0,0.000050,5134474089,false
"2025-08-05T15:36:11.350000","BTCUSDT",112800.0,0.01773,5134474090,false
"2025-08-05T15:36:11.350000","BTCUSDT",112800.0,0.00010,5134474091,false
"2025-08-05T15:36:11.350000","BTCUSDT",112800.0,0.000020,5134474092,false
"2025-08-05T15:36:11.278000","BTCUSDT",112799.79,0.00013,5134474020,false
"2025-08-05T15:36:11.278000","BTCUSDT",112799.79,0.000050,5134474021,false
"2025-08-05T15:36:11.278000","BTCUSDT",112799.79,0.000050,5134474022,false
"2025-08-05T15:36:11.278000","BTCUSDT",112799.79,0.000050,5134474023,false
"2025-08-05T15:36:11.278000","BTCUSDT",112799.79,0.000050,5134474024,false
"2025-08-05T15:36:11.278000","BTCUSDT",112799.79,0.000050,5134474025,false
"2025-08-05T15:36:11.278000","BTCUSDT",112799.79,0.00010,5134474026,false
"2025-08-05T15:36:11.278000","BTCUSDT",112799.79,0.000050,5134474027,false
"2025-08-05T15:36:11.278000","BTCUSDT",112799.79,0.000050,5134474028,false
"2025-08-05T15:36:11.278000","BTCUSDT",112799.79,0.00264,5134474029,false
"2025-08-05T15:35:34.206000","SOLUSDT",163.57,0.034,1447000187,true
"2025-08-05T15:35:34.206000","SOLUSDT",163.57,0.38,1447000188,true
"2025-08-05T15:35:34.206000","SOLUSDT",163.57,0.035,1447000189,true
"2025-08-05T15:35:34.206000","SOLUSDT",163.57,0.041,1447000190,true
"2025-08-05T15:35:34.206000","SOLUSDT",163.57,0.046,1447000191,true
"2025-08-05T15:35:34.206000","SOLUSDT",163.57,0.043,1447000192,true
"2025-08-05T15:35:34.206000","SOLUSDT",163.57,0.069,1447000193,true
"2025-08-05T15:35:34.206000","SOLUSDT",163.57,0.171,1447000194,true
"2025-08-05T15:35:34.206000","SOLUSDT",163.57,0.039,1447000195,true
"2025-08-05T15:35:34.206000","SOLUSDT",163.57,0.124,1447000196,true
"2025-08-05T15:35:34.206000","SOLUSDT",163.57,0.071,1447000197,true
"2025-08-05T15:35:34.206000","SOLUSDT",163.57,0.051,1447000198,true
"2025-08-05T15:35:34.206000","SOLUSDT",163.57,0.035,1447000199,true
"2025-08-05T15:35:34.182000","SOLUSDT",163.58,5.25,1447000160,true
"2025-08-05T15:35:34.182000","SOLUSDT",163.58,0.049,1447000161,true
"2025-08-05T15:35:34.182000","SOLUSDT",163.58,0.056,1447000162,true
"2025-08-05T15:35:34.182000","SOLUSDT",163.58,0.171,1447000163,true
"2025-08-05T15:35:34.182000","SOLUSDT",163.58,0.131,1447000164,true
"2025-08-05T15:35:34.182000","SOLUSDT",163.58,0.057,1447000165,true
"2025-08-05T15:35:34.182000","SOLUSDT",163.58,0.085,1447000166,true
"2025-08-05T15:35:34.182000","SOLUSDT",163.58,0.082,1447000167,true
"2025-08-05T15:35:34.182000","SOLUSDT",163.58,0.193,1447000168,true
"2025-08-05T15:35:34.182000","SOLUSDT",163.58,0.123,1447000169,true
"2025-08-05T15:35:34.182000","SOLUSDT",163.58,0.183,1447000170,true
"2025-08-05T15:35:34.182000","SOLUSDT",163.58,0.05,1447000171,true
"2025-08-05T15:35:34.182000","SOLUSDT",163.58,0.031,1447000172,true
"2025-08-05T15:35:34.182000","SOLUSDT",163.58,0.031,1447000173,true
"2025-08-05T15:35:34.182000","SOLUSDT",163.58,0.181,1447000174,true
"2025-08-05T15:35:34.182000","SOLUSDT",163.58,0.046,1447000175,true
"2025-08-05T15:35:34.182000","SOLUSDT",163.58,0.075,1447000176,true
"2025-08-05T15:35:34.182000","SOLUSDT",163.58,0.031,1447000177,true
"2025-08-05T15:35:34.182000","SOLUSDT",163.58,0.032,1447000178,true
"2025-08-05T15:35:34.182000","SOLUSDT",163.58,0.032,1447000179,true
"2025-08-05T15:35:34.182000","SOLUSDT",163.58,0.032,1447000180,true
"2025-08-05T15:35:34.182000","SOLUSDT",163.58,34.715,1447000181,true
"2025-08-05T15:35:34.182000","SOLUSDT",163.58,0.033,1447000182,true
"2025-08-05T15:35:34.182000","SOLUSDT",163.58,0.032,1447000183,true
"2025-08-05T15:35:34.182000","SOLUSDT",163.58,0.032,1447000184,true
"2025-08-05T15:35:34.182000","SOLUSDT",163.58,0.032,1447000185,true
"2025-08-05T15:35:34.182000","SOLUSDT",163.58,0.032,1447000186,true
"2025-08-05T15:35:34.161000","SOLUSDT",163.59,0.386,1447000142,true
"2025-08-05T15:35:34.161000","SOLUSDT",163.59,0.51,1447000143,true
"2025-08-05T15:35:34.161000","SOLUSDT",163.59,0.06,1447000144,true
"2025-08-05T15:35:34.161000","SOLUSDT",163.59,0.397,1447000145,true
"2025-08-05T15:35:34.161000","SOLUSDT",163.59,0.037,1447000146,true
"2025-08-05T15:35:34.161000","SOLUSDT",163.59,0.042,1447000147,true
"2025-08-05T15:35:34.161000","SOLUSDT",163.59,0.183,1447000148,true
"2025-08-05T15:35:34.161000","SOLUSDT",163.59,0.031,1447000149,true
"2025-08-05T15:35:34.161000","SOLUSDT",163.59,0.031,1447000150,true
"2025-08-05T15:35:34.161000","SOLUSDT",163.59,0.032,1447000151,true
"2025-08-05T15:35:34.161000","SOLUSDT",163.59,0.032,1447000152,true
"2025-08-05T15:35:34.161000","SOLUSDT",163.59,0.033,1447000153,true
"2025-08-05T15:35:34.161000","SOLUSDT",163.59,0.032,1447000154,true
"2025-08-05T15:35:34.161000","SOLUSDT",163.59,0.032,1447000155,true
"2025-08-05T15:35:34.161000","SOLUSDT",163.59,0.032,1447000156,true
"2025-08-05T15:35:34.161000","SOLUSDT",163.59,0.032,1447000157,true
"2025-08-05T15:35:34.161000","SOLUSDT",163.59,0.032,1447000158,true
"2025-08-05T15:35:34.161000","SOLUSDT",163.58,0.967,1447000159,true
"2025-08-05T15:35:34.161000","SOLUSDT",163.59,0.032,1447000140,true
"2025-08-05T15:35:34.161000","SOLUSDT",163.59,0.555,1447000141,true
"2025-08-05T15:35:34.161000","SOLUSDT",163.59,0.247,1447000139,true
"2025-08-05T15:35:34.146000","SOLUSDT",163.6,5.535,1447000138,false
"2025-08-05T15:35:34.135000","SOLUSDT",163.6,0.091,1447000137,false
"2025-08-05T15:35:34.101000","SOLUSDT",163.6,0.032,1447000134,true
"2025-08-05T15:35:34.101000","SOLUSDT",163.6,0.02,1447000135,true
"2025-08-05T15:35:34.101000","SOLUSDT",163.6,0.012,1447000136,true
"2025-08-05T15:35:34.101000","SOLUSDT",163.6,0.615,1447000132,true
"2025-08-05T15:35:34.101000","SOLUSDT",163.6,0.032,1447000133,true
"2025-08-05T15:35:34.101000","SOLUSDT",163.6,0.032,1447000130,true
"2025-08-05T15:35:34.101000","SOLUSDT",163.6,0.046,1447000131,true
"2025-08-05T15:35:34.101000","SOLUSDT",163.6,0.032,1447000128,true
"2025-08-05T15:35:34.101000","SOLUSDT",163.6,0.033,1447000129,true
"2025-08-05T15:35:34.101000","SOLUSDT",163.6,0.061,1447000125,true
"2025-08-05T15:35:34.101000","SOLUSDT",163.6,0.031,1447000126,true
"2025-08-05T15:35:34.101000","SOLUSDT",163.6,0.031,1447000127,true
"2025-08-05T15:35:34.101000","SOLUSDT",163.6,1.805,1447000124,true
"2025-08-05T15:35:34.096000","SOLUSDT",163.6,1.25,1447000123,true
"2025-08-05T15:35:34.096000","SOLUSDT",163.6,0.5,1447000120,true
"2025-08-05T15:35:34.096000","SOLUSDT",163.6,1.0,1447000121,true
"2025-08-05T15:35:34.096000","SOLUSDT",163.6,1.0,1447000122,true
"2025-08-05T15:35:34.096000","SOLUSDT",163.6,6.289,1447000118,true
"2025-08-05T15:35:34.096000","SOLUSDT",163.6,4.872,1447000119,true
"2025-08-05T15:35:34.096000","SOLUSDT",163.6,0.427,1447000110,true
"2025-08-05T15:35:34.096000","SOLUSDT",163.6,0.509,1447000111,true
"2025-08-05T15:35:34.096000","SOLUSDT",163.6,1.5,1447000112,true
"2025-08-05T15:35:34.096000","SOLUSDT",163.6,0.037,1447000113,true
"2025-08-05T15:35:34.096000","SOLUSDT",163.6,0.113,1447000114,true
"2025-08-05T15:35:34.096000","SOLUSDT",163.6,0.036,1447000115,true
"2025-08-05T15:35:34.096000","SOLUSDT",163.6,0.036,1447000116,true
"2025-08-05T15:35:34.096000","SOLUSDT",163.6,0.1,1447000117,true
"2025-08-05T15:35:34.096000","SOLUSDT",163.6,1.3,1447000109,true
"2025-08-05T15:35:34.096000","SOLUSDT",163.61,0.305,1447000054,true
"2025-08-05T15:35:34.096000","SOLUSDT",163.61,0.074,1447000055,true
"2025-08-05T15:35:34.096000","SOLUSDT",163.61,0.036,1447000056,true
"2025-08-05T15:35:34.096000","SOLUSDT",163.61,0.061,1447000057,true
"2025-08-05T15:35:34.096000","SOLUSDT",163.61,2.673,1447000058,true
"2025-08-05T15:35:34.096000","SOLUSDT",163.61,0.044,1447000059,true
"2025-08-05T15:35:34.096000","SOLUSDT",163.61,0.268,1447000060,true
"2025-08-05T15:35:34.096000","SOLUSDT",163.61,0.033,1447000061,true
"2025-08-05T15:35:34.096000","SOLUSDT",163.61,1.0,1447000062,true
"2025-08-05T15:35:34.096000","SOLUSDT",163.61,0.043,1447000063,true
"2025-08-05T15:35:34.096000","SOLUSDT",163.61,0.216,1447000064,true
"2025-08-05T15:35:34.096000","SOLUSDT",163.61,0.142,1447000065,true
"2025-08-05T15:35:34.096000","SOLUSDT",163.61,0.031,1447000066,true
"2025-08-05T15:35:34.096000","SOLUSDT",163.61,0.281,1447000067,true
"2025-08-05T15:35:34.096000","SOLUSDT",163.61,0.068,1447000068,true
"2025-08-05T15:35:34.096000","SOLUSDT",163.61,0.031,1447000069,true
"2025-08-05T15:35:34.096000","SOLUSDT",163.61,0.032,1447000070,true
"2025-08-05T15:35:34.096000","SOLUSDT",163.61,0.033,1447000071,true
"2025-08-05T15:35:34.096000","SOLUSDT",163.61,0.032,1447000072,true
"2025-08-05T15:35:34.096000","SOLUSDT",163.61,0.032,1447000073,true
"2025-08-05T15:35:34.096000","SOLUSDT",163.61,0.032,1447000074,true
"2025-08-05T15:35:34.096000","SOLUSDT",163.61,0.032,1447000075,true
"2025-08-05T15:35:34.096000","SOLUSDT",163.6,0.116,1447000076,true
"2025-08-05T15:35:34.096000","SOLUSDT",163.6,0.883,1447000077,true
"2025-08-05T15:35:34.096000","SOLUSDT",163.6,0.983,1447000078,true
"2025-08-05T15:35:34.096000","SOLUSDT",163.6,0.673,1447000079,true
"2025-08-05T15:35:34.096000","SOLUSDT",163.6,0.056,1447000080,true
"2025-08-05T15:35:34.096000","SOLUSDT",163.6,0.053,1447000081,true
"2025-08-05T15:35:34.096000","SOLUSDT",163.6,0.244,1447000082,true
"2025-08-05T15:35:34.096000","SOLUSDT",163.6,0.053,1447000083,true
"2025-08-05T15:35:34.096000","SOLUSDT",163.6,0.112,1447000084,true
"2025-08-05T15:35:34.096000","SOLUSDT",163.6,0.766,1447000085,true
"2025-08-05T15:35:34.096000","SOLUSDT",163.6,0.112,1447000086,true
"2025-08-05T15:35:34.096000","SOLUSDT",163.6,0.499,1447000087,true
"2025-08-05T15:35:34.096000","SOLUSDT",163.6,0.032,1447000088,true
"2025-08-05T15:35:34.096000","SOLUSDT",163.6,0.107,1447000089,true
"2025-08-05T15:35:34.096000","SOLUSDT",163.6,0.055,1447000090,true
"2025-08-05T15:35:34.096000","SOLUSDT",163.6,0.112,1447000091,true
"2025-08-05T15:35:34.096000","SOLUSDT",163.6,0.433,1447000092,true
"2025-08-05T15:35:34.096000","SOLUSDT",163.6,0.049,1447000093,true
"2025-08-05T15:35:34.096000","SOLUSDT",163.6,0.057,1447000094,true
"2025-08-05T15:35:34.096000","SOLUSDT",163.6,0.053,1447000095,true
"2025-08-05T15:35:34.096000","SOLUSDT",163.6,0.057,1447000096,true
"2025-08-05T15:35:34.096000","SOLUSDT",163.6,0.05,1447000097,true
"2025-08-05T15:35:34.096000","SOLUSDT",163.6,0.082,1447000098,true
"2025-08-05T15:35:34.096000","SOLUSDT",163.6,0.107,1447000099,true
"2025-08-05T15:35:34.096000","SOLUSDT",163.6,0.059,1447000100,true
"2025-08-05T15:35:34.096000","SOLUSDT",163.6,1.196,1447000101,true
"2025-08-05T15:35:34.096000","SOLUSDT",163.6,0.077,1447000102,true
"2025-08-05T15:35:34.096000","SOLUSDT",163.6,0.829,1447000103,true
"2025-08-05T15:35:34.096000","SOLUSDT",163.6,0.52,1447000104,true
"2025-08-05T15:35:34.096000","SOLUSDT",163.6,1.526,1447000105,true
"2025-08-05T15:35:34.096000","SOLUSDT",163.6,0.042,1447000106,true
"2025-08-05T15:35:34.096000","SOLUSDT",163.6,0.611,1447000107,true
"2025-08-05T15:35:34.096000","SOLUSDT",163.6,1.315,1447000108,true
"2025-08-05T15:35:34.056000","SOLUSDT",163.62,0.136,1447000053,false
"2025-08-05T15:35:34.014000","SOLUSDT",163.62,0.283,1447000027,true
"2025-08-05T15:35:34.014000","SOLUSDT",163.62,0.572,1447000028,true
"2025-08-05T15:35:34.014000","SOLUSDT",163.62,0.033,1447000029,true
"2025-08-05T15:35:34.014000","SOLUSDT",163.62,0.146,1447000030,true
"2025-08-05T15:35:34.014000","SOLUSDT",163.62,0.297,1447000031,true
"2025-08-05T15:35:34.014000","SOLUSDT",163.62,0.209,1447000032,true
"2025-08-05T15:35:34.014000","SOLUSDT",163.62,0.037,1447000033,true
"2025-08-05T15:35:34.014000","SOLUSDT",163.62,0.086,1447000034,true
"2025-08-05T15:35:34.014000","SOLUSDT",163.62,0.036,1447000035,true
"2025-08-05T15:35:34.014000","SOLUSDT",163.62,0.034,1447000036,true
"2025-08-05T15:35:34.014000","SOLUSDT",163.62,0.183,1447000037,true
"2025-08-05T15:35:34.014000","SOLUSDT",163.62,0.031,1447000038,true
"2025-08-05T15:35:34.014000","SOLUSDT",163.62,0.062,1447000039,true
"2025-08-05T15:35:34.014000","SOLUSDT",163.62,0.032,1447000040,true
"2025-08-05T15:35:34.014000","SOLUSDT",163.62,0.032,1447000041,true
"2025-08-05T15:35:34.014000","SOLUSDT",163.62,0.033,1447000042,true
"2025-08-05T15:35:34.014000","SOLUSDT",163.62,0.032,1447000043,true
"2025-08-05T15:35:34.014000","SOLUSDT",163.62,0.032,1447000044,true
"2025-08-05T15:35:34.014000","SOLUSDT",163.62,0.032,1447000045,true
"2025-08-05T15:35:34.014000","SOLUSDT",163.62,0.032,1447000046,true
"2025-08-05T15:35:34.014000","SOLUSDT",163.62,0.032,1447000047,true
"2025-08-05T15:35:34.014000","SOLUSDT",163.62,0.032,1447000048,true
"2025-08-05T15:35:34.014000","SOLUSDT",163.62,0.136,1447000049,true
"2025-08-05T15:35:34.014000","SOLUSDT",163.62,0.032,1447000050,true
"2025-08-05T15:35:34.014000","SOLUSDT",163.62,0.032,1447000051,true
"2025-08-05T15:35:34.014000","SOLUSDT",163.62,0.032,1447000052,true
"2025-08-05T15:35:33.196000","SOLUSDT",163.64,0.031,1447000002,true
"2025-08-05T15:35:33.196000","SOLUSDT",163.64,0.031,1447000003,true
"2025-08-05T15:35:33.196000","SOLUSDT",163.64,0.062,1447000004,true
"2025-08-05T15:35:33.196000","SOLUSDT",163.64,0.031,1447000005,true
"2025-08-05T15:35:33.196000","SOLUSDT",163.64,0.032,1447000006,true
"2025-08-05T15:35:33.196000","SOLUSDT",163.64,0.033,1447000007,true
"2025-08-05T15:35:33.196000","SOLUSDT",163.64,0.032,1447000008,true
"2025-08-05T15:35:33.196000","SOLUSDT",163.64,0.032,1447000009,true
"2025-08-05T15:35:33.196000","SOLUSDT",163.64,0.032,1447000010,true
"2025-08-05T15:35:33.196000","SOLUSDT",163.64,0.032,1447000011,true
"2025-08-05T15:35:33.196000","SOLUSDT",163.64,0.032,1447000012,true
"2025-08-05T15:35:33.196000","SOLUSDT",163.64,0.032,1447000013,true
"2025-08-05T15:35:33.196000","SOLUSDT",163.64,0.032,1447000014,true
"2025-08-05T15:35:33.196000","SOLUSDT",163.64,0.032,1447000015,true
"2025-08-05T15:35:33.196000","SOLUSDT",163.64,0.032,1447000016,true
"2025-08-05T15:35:33.196000","SOLUSDT",163.64,0.032,1447000017,true
"2025-08-05T15:35:33.196000","SOLUSDT",163.63,0.031,1447000018,true
"2025-08-05T15:35:33.196000","SOLUSDT",163.63,0.062,1447000019,true
"2025-08-05T15:35:33.196000","SOLUSDT",163.63,0.031,1447000020,true
"2025-08-05T15:35:33.196000","SOLUSDT",163.63,0.142,1447000021,true
"2025-08-05T15:35:33.196000","SOLUSDT",163.63,0.032,1447000022,true
"2025-08-05T15:35:33.196000","SOLUSDT",163.63,0.033,1447000023,true
"2025-08-05T15:35:33.196000","SOLUSDT",163.63,0.032,1447000024,true
"2025-08-05T15:35:33.196000","SOLUSDT",163.63,1.526,1447000025,true
"2025-08-05T15:35:33.196000","SOLUSDT",163.63,0.032,1447000026,true
"2025-08-05T15:35:33.080000","SOLUSDT",163.65,0.031,1446999993,true
"2025-08-05T15:35:33.080000","SOLUSDT",163.65,0.062,1446999994,true
"2025-08-05T15:35:33.080000","SOLUSDT",163.65,0.031,1446999995,true
"2025-08-05T15:35:33.080000","SOLUSDT",163.65,0.183,1446999996,true
"2025-08-05T15:35:33.080000","SOLUSDT",163.65,8.183,1446999997,true
"2025-08-05T15:35:33.080000","SOLUSDT",163.65,0.032,1446999998,true
"2025-08-05T15:35:33.080000","SOLUSDT",163.65,0.033,1446999999,true
"2025-08-05T15:35:33.080000","SOLUSDT",163.65,0.032,1447000000,true
"2025-08-05T15:35:33.080000","SOLUSDT",163.65,0.032,1447000001,true
"2025-08-05T15:35:33.079000","SOLUSDT",163.66,0.031,1446999983,true
"2025-08-05T15:35:33.079000","SOLUSDT",163.66,0.046,1446999984,true
"2025-08-05T15:35:33.079000","SOLUSDT",163.66,0.062,1446999985,true
"2025-08-05T15:35:33.079000","SOLUSDT",163.66,0.032,1446999986,true
"2025-08-05T15:35:33.079000","SOLUSDT",163.66,0.033,1446999987,true
"2025-08-05T15:35:33.079000","SOLUSDT",163.66,0.032,1446999988,true
"2025-08-05T15:35:33.079000","SOLUSDT",163.66,0.032,1446999989,true
"2025-08-05T15:35:33.079000","SOLUSDT",163.66,0.032,1446999990,true
"2025-08-05T15:35:33.079000","SOLUSDT",163.66,0.032,1446999991,true
"2025-08-05T15:35:33.079000","SOLUSDT",163.66,0.032,1446999992,true
"2025-08-05T15:35:32.996000","SOLUSDT",163.67,0.002,1446999976,true
"2025-08-05T15:35:32.996000","SOLUSDT",163.67,0.032,1446999977,true
"2025-08-05T15:35:32.996000","SOLUSDT",163.67,0.033,1446999978,true
"2025-08-05T15:35:32.996000","SOLUSDT",163.67,0.032,1446999979,true
"2025-08-05T15:35:32.996000","SOLUSDT",163.67,0.032,1446999980,true
"2025-08-05T15:35:32.996000","SOLUSDT",163.67,0.031,1446999981,true
"2025-08-05T15:35:32.996000","SOLUSDT",163.67,0.032,1446999982,true
"2025-08-05T15:35:32.974000","SOLUSDT",163.67,0.03,1446999975,true
"2025-08-05T15:35:32.955000","SOLUSDT",163.67,0.031,1446999962,true
"2025-08-05T15:35:32.955000","SOLUSDT",163.67,0.062,1446999963,true
"2025-08-05T15:35:32.955000","SOLUSDT",163.67,0.032,1446999964,true
"2025-08-05T15:35:32.955000","SOLUSDT",163.67,0.032,1446999965,true
"2025-08-05T15:35:32.955000","SOLUSDT",163.67,0.033,1446999966,true
"2025-08-05T15:35:32.955000","SOLUSDT",163.67,0.032,1446999967,true
"2025-08-05T15:35:32.955000","SOLUSDT",163.67,0.032,1446999968,true
"2025-08-05T15:35:32.955000","SOLUSDT",163.67,0.032,1446999969,true
"2025-08-05T15:35:32.955000","SOLUSDT",163.67,0.032,1446999970,true
"2025-08-05T15:35:32.955000","SOLUSDT",163.67,0.032,1446999971,true
"2025-08-05T15:35:32.955000","SOLUSDT",163.67,0.032,1446999972,true
"2025-08-05T15:35:32.955000","SOLUSDT",163.67,0.032,1446999973,true
"2025-08-05T15:35:32.955000","SOLUSDT",163.67,0.586,1446999974,true
"2025-08-05T15:35:32.800000","SOLUSDT",163.68,0.011,1446999950,true
"2025-08-05T15:35:32.800000","SOLUSDT",163.68,0.031,1446999951,true
"2025-08-05T15:35:32.800000","SOLUSDT",163.68,0.031,1446999952,true
"2025-08-05T15:35:32.800000","SOLUSDT",163.68,0.062,1446999953,true
"2025-08-05T15:35:32.800000","SOLUSDT",163.68,0.183,1446999954,true
"2025-08-05T15:35:32.800000","SOLUSDT",163.68,0.033,1446999955,true
"2025-08-05T15:35:32.800000","SOLUSDT",163.68,0.032,1446999956,true
"2025-08-05T15:35:32.800000","SOLUSDT",163.68,0.032,1446999957,true
"2025-08-05T15:35:32.800000","SOLUSDT",163.68,0.031,1446999958,true
"2025-08-05T15:35:32.800000","SOLUSDT",163.68,0.032,1446999959,true
"2025-08-05T15:35:32.800000","SOLUSDT",163.68,0.032,1446999960,true
"2025-08-05T15:35:32.800000","SOLUSDT",163.68,0.032,1446999961,true
"2025-08-05T15:35:32.792000","SOLUSDT",163.69,0.032,1446999949,true
"2025-08-05T15:35:32.791000","SOLUSDT",163.69,0.019,1446999934,true
"2025-08-05T15:35:32.791000","SOLUSDT",163.69,0.782,1446999935,true
"2025-08-05T15:35:32.791000","SOLUSDT",163.69,1.309,1446999936,true
"2025-08-05T15:35:32.791000","SOLUSDT",163.69,0.032,1446999937,true
"2025-08-05T15:35:32.791000","SOLUSDT",163.69,0.033,1446999938,true
"2025-08-05T15:35:32.791000","SOLUSDT",163.69,0.032,1446999939,true
"2025-08-05T15:35:32.791000","SOLUSDT",163.69,0.032,1446999940,true
"2025-08-05T15:35:32.791000","SOLUSDT",163.69,0.032,1446999941,true
"2025-08-05T15:35:32.791000","SOLUSDT",163.69,0.031,1446999942,true
"2025-08-05T15:35:32.791000","SOLUSDT",163.69,0.032,1446999943,true
"2025-08-05T15:35:32.791000","SOLUSDT",163.69,0.032,1446999944,true
"2025-08-05T15:35:32.791000","SOLUSDT",163.69,0.032,1446999945,true
"2025-08-05T15:35:32.791000","SOLUSDT",163.69,0.032,1446999946,true
"2025-08-05T15:35:32.791000","SOLUSDT",163.69,0.032,1446999947,true
"2025-08-05T15:35:32.791000","SOLUSDT",163.69,0.032,1446999948,true
"2025-08-05T15:35:32.778000","SOLUSDT",163.7,0.862,1446999933,false
"2025-08-05T15:35:32.582000","SOLUSDT",163.71,0.031,1446999909,true
"2025-08-05T15:35:32.582000","SOLUSDT",163.71,0.062,1446999910,true
"2025-08-05T15:35:32.582000","SOLUSDT",163.71,0.031,1446999911,true
"2025-08-05T15:35:32.582000","SOLUSDT",163.71,0.032,1446999912,true
"2025-08-05T15:35:32.582000","SOLUSDT",163.71,0.032,1446999913,true
"2025-08-05T15:35:32.582000","SOLUSDT",163.71,0.183,1446999914,true
"2025-08-05T15:35:32.582000","SOLUSDT",163.71,0.032,1446999915,true
"2025-08-05T15:35:32.582000","SOLUSDT",163.71,0.033,1446999916,true
"2025-08-05T15:35:32.582000","SOLUSDT",163.71,0.032,1446999917,true
"2025-08-05T15:35:32.582000","SOLUSDT",163.71,0.032,1446999918,true
"2025-08-05T15:35:32.582000","SOLUSDT",163.71,0.032,1446999919,true
"2025-08-05T15:35:32.582000","SOLUSDT",163.71,0.032,1446999920,true
"2025-08-05T15:35:32.582000","SOLUSDT",163.7,0.031,1446999921,true
"2025-08-05T15:35:32.582000","SOLUSDT",163.7,0.062,1446999922,true
"2025-08-05T15:35:32.582000","SOLUSDT",163.7,0.031,1446999923,true
"2025-08-05T15:35:32.582000","SOLUSDT",163.7,0.046,1446999924,true
"2025-08-05T15:35:32.582000","SOLUSDT",163.7,0.031,1446999925,true
"2025-08-05T15:35:32.582000","SOLUSDT",163.7,0.032,1446999926,true
"2025-08-05T15:35:32.582000","SOLUSDT",163.7,0.032,1446999927,true
"2025-08-05T15:35:32.582000","SOLUSDT",163.7,0.033,1446999928,true
"2025-08-05T15:35:32.582000","SOLUSDT",163.7,0.032,1446999929,true
"2025-08-05T15:35:32.582000","SOLUSDT",163.7,0.032,1446999930,true
"2025-08-05T15:35:32.582000","SOLUSDT",163.69,0.031,1446999931,true
"2025-08-05T15:35:32.582000","SOLUSDT",163.69,0.043,1446999932,true
"2025-08-05T15:35:32.564000","SOLUSDT",163.72,0.032,1446999908,true
"2025-08-05T15:35:32.563000","SOLUSDT",163.73,0.013,1446999892,true
"2025-08-05T15:35:32.563000","SOLUSDT",163.73,0.032,1446999893,true
"2025-08-05T15:35:32.563000","SOLUSDT",163.73,0.033,1446999894,true
"2025-08-05T15:35:32.563000","SOLUSDT",163.73,0.031,1446999895,true
"2025-08-05T15:35:32.563000","SOLUSDT",163.73,0.032,1446999896,true
"2025-08-05T15:35:32.563000","SOLUSDT",163.73,0.032,1446999897,true
"2025-08-05T15:35:32.563000","SOLUSDT",163.72,0.031,1446999898,true
"2025-08-05T15:35:32.563000","SOLUSDT",163.72,0.062,1446999899,true
"2025-08-05T15:35:32.563000","SOLUSDT",163.72,0.031,1446999900,true
"2025-08-05T15:35:32.563000","SOLUSDT",163.72,0.032,1446999901,true
"2025-08-05T15:35:32.563000","SOLUSDT",163.72,0.032,1446999902,true
"2025-08-05T15:35:32.563000","SOLUSDT",163.72,0.032,1446999903,true
"2025-08-05T15:35:32.563000","SOLUSDT",163.72,0.046,1446999904,true
"2025-08-05T15:35:32.563000","SOLUSDT",163.72,4.654,1446999905,true
"2025-08-05T15:35:32.563000","SOLUSDT",163.72,0.033,1446999906,true
"2025-08-05T15:35:32.563000","SOLUSDT",163.72,0.032,1446999907,true
"2025-08-05T15:35:32.537000","SOLUSDT",163.73,0.031,1446999883,true
"2025-08-05T15:35:32.537000","SOLUSDT",163.73,0.062,1446999884,true
"2025-08-05T15:35:32.537000","SOLUSDT",163.73,0.032,1446999885,true
"2025-08-05T15:35:32.537000","SOLUSDT",163.73,0.032,1446999886,true
"2025-08-05T15:35:32.537000","SOLUSDT",163.73,0.032,1446999887,true
"2025-08-05T15:35:32.537000","SOLUSDT",163.73,0.032,1446999888,true
"2025-08-05T15:35:32.537000","SOLUSDT",163.73,0.033,1446999889,true
"2025-08-05T15:35:32.537000","SOLUSDT",163.73,0.032,1446999890,true
"2025-08-05T15:35:32.537000","SOLUSDT",163.73,0.019,1446999891,true
"2025-08-05T15:35:32.442000","SOLUSDT",163.74,0.026,1446999870,true
"2025-08-05T15:35:32.442000","SOLUSDT",163.74,0.032,1446999871,true
"2025-08-05T15:35:32.442000","SOLUSDT",163.74,0.032,1446999872,true
"2025-08-05T15:35:32.442000","SOLUSDT",163.74,0.032,1446999873,true
"2025-08-05T15:35:32.442000","SOLUSDT",163.74,0.032,1446999874,true
"2025-08-05T15:35:32.442000","SOLUSDT",163.74,0.032,1446999875,true
"2025-08-05T15:35:32.442000","SOLUSDT",163.74,0.033,1446999876,true
"2025-08-05T15:35:32.442000","SOLUSDT",163.74,0.032,1446999877,true
"2025-08-05T15:35:32.442000","SOLUSDT",163.74,0.032,1446999878,true
"2025-08-05T15:35:32.442000","SOLUSDT",163.74,0.031,1446999879,true
"2025-08-05T15:35:32.442000","SOLUSDT",163.74,0.759,1446999880,true
"2025-08-05T15:35:32.442000","SOLUSDT",163.74,0.032,1446999881,true
"2025-08-05T15:35:32.442000","SOLUSDT",163.74,0.032,1446999882,true
"2025-08-05T15:35:32.319000","SOLUSDT",163.74,0.032,1446999861,true
"2025-08-05T15:35:32.319000","SOLUSDT",163.74,0.032,1446999862,true
"2025-08-05T15:35:32.319000","SOLUSDT",163.74,0.031,1446999863,true
"2025-08-05T15:35:32.319000","SOLUSDT",163.74,0.032,1446999864,true
"2025-08-05T15:35:32.319000","SOLUSDT",163.74,0.032,1446999865,true
"2025-08-05T15:35:32.319000","SOLUSDT",163.74,0.062,1446999866,true
"2025-08-05T15:35:32.319000","SOLUSDT",163.74,0.046,1446999867,true
"2025-08-05T15:35:32.319000","SOLUSDT",163.74,0.033,1446999868,true
"2025-08-05T15:35:32.319000","SOLUSDT",163.74,0.006,1446999869,true
"2025-08-05T15:35:32.196000","SOLUSDT",163.75,0.032,1446999846,true
"2025-08-05T15:35:32.196000","SOLUSDT",163.75,0.032,1446999847,true
"2025-08-05T15:35:32.196000","SOLUSDT",163.75,0.032,1446999848,true
"2025-08-05T15:35:32.196000","SOLUSDT",163.75,0.062,1446999849,true
"2025-08-05T15:35:32.196000","SOLUSDT",163.75,0.033,1446999850,true
"2025-08-05T15:35:32.196000","SOLUSDT",163.75,0.032,1446999851,true
"2025-08-05T15:35:32.196000","SOLUSDT",163.75,0.032,1446999852,true
"2025-08-05T15:35:32.196000","SOLUSDT",163.75,0.032,1446999853,true
"2025-08-05T15:35:32.196000","SOLUSDT",163.75,0.032,1446999854,true
"2025-08-05T15:35:32.196000","SOLUSDT",163.75,0.032,1446999855,true
"2025-08-05T15:35:32.196000","SOLUSDT",163.75,0.032,1446999856,true
"2025-08-05T15:35:32.196000","SOLUSDT",163.75,0.032,1446999857,true
"2025-08-05T15:35:32.196000","SOLUSDT",163.75,1.972,1446999858,true
"2025-08-05T15:35:32.196000","SOLUSDT",163.75,0.031,1446999859,true
"2025-08-05T15:35:32.196000","SOLUSDT",163.75,0.032,1446999860,true
"2025-08-05T15:35:32.030000","SOLUSDT",163.75,10.09,1446999845,true
"2025-08-05T15:35:31.973000","SOLUSDT",163.76,0.113,1446999842,false
"2025-08-05T15:35:31.973000","SOLUSDT",163.76,0.032,1446999843,false
"2025-08-05T15:35:31.973000","SOLUSDT",163.76,0.016,1446999844,false
"2025-08-05T15:35:31.606000","SOLUSDT",163.75,0.031,1446999840,true
"2025-08-05T15:35:31.606000","SOLUSDT",163.75,0.169,1446999841,true
"2025-08-05T15:35:31.053000","SOLUSDT",163.76,0.037,1446999839,false
"2025-08-05T15:35:30.928000","SOLUSDT",163.76,0.66,1446999838,false
"2025-08-05T15:35:30.511000","SOLUSDT",163.76,0.671,1446999837,false
"2025-08-05T15:35:30.458000","SOLUSDT",163.76,0.033,1446999835,false
"2025-08-05T15:35:30.458000","SOLUSDT",163.76,0.195,1446999836,false
"2025-08-05T15:35:28.696000","SOLUSDT",163.76,0.031,1446999824,true
"2025-08-05T15:35:28.696000","SOLUSDT",163.76,0.032,1446999825,true
"2025-08-05T15:35:28.696000","SOLUSDT",163.76,0.032,1446999826,true
"2025-08-05T15:35:28.696000","SOLUSDT",163.76,0.033,1446999827,true
"2025-08-05T15:35:28.696000","SOLUSDT",163.76,0.032,1446999828,true
"2025-08-05T15:35:28.696000","SOLUSDT",163.76,3.352,1446999829,true
"2025-08-05T15:35:28.696000","SOLUSDT",163.76,0.032,1446999830,true
"2025-08-05T15:35:28.696000","SOLUSDT",163.76,0.032,1446999831,true
"2025-08-05T15:35:28.696000","SOLUSDT",163.76,0.032,1446999832,true
"2025-08-05T15:35:28.696000","SOLUSDT",163.76,0.032,1446999833,true
"2025-08-05T15:35:28.696000","SOLUSDT",163.76,0.032,1446999834,true
"2025-08-05T15:35:28.366000","SOLUSDT",163.76,0.843,1446999806,false
"2025-08-05T15:35:28.366000","SOLUSDT",163.76,0.032,1446999807,false
"2025-08-05T15:35:28.366000","SOLUSDT",163.76,0.032,1446999808,false
"2025-08-05T15:35:28.366000","SOLUSDT",163.76,0.032,1446999809,false
"2025-08-05T15:35:28.366000","SOLUSDT",163.76,0.032,1446999810,false
"2025-08-05T15:35:28.366000","SOLUSDT",163.76,0.032,1446999811,false
"2025-08-05T15:35:28.366000","SOLUSDT",163.76,0.032,1446999812,false
"2025-08-05T15:35:28.366000","SOLUSDT",163.76,0.062,1446999813,false
"2025-08-05T15:35:28.366000","SOLUSDT",163.76,0.032,1446999814,false
"2025-08-05T15:35:28.366000","SOLUSDT",163.76,0.032,1446999815,false
"2025-08-05T15:35:28.366000","SOLUSDT",163.76,0.033,1446999816,false
"2025-08-05T15:35:28.366000","SOLUSDT",163.76,0.031,1446999817,false
"2025-08-05T15:35:28.366000","SOLUSDT",163.76,0.032,1446999818,false
"2025-08-05T15:35:28.366000","SOLUSDT",163.76,0.032,1446999819,false
"2025-08-05T15:35:28.366000","SOLUSDT",163.76,0.032,1446999820,false
"2025-08-05T15:35:28.366000","SOLUSDT",163.76,0.032,1446999821,false
"2025-08-05T15:35:28.366000","SOLUSDT",163.76,0.032,1446999822,false
"2025-08-05T15:35:28.366000","SOLUSDT",163.76,0.032,1446999823,false
"2025-08-05T15:35:28.196000","SOLUSDT",163.75,0.033,1446999787,false
"2025-08-05T15:35:28.196000","SOLUSDT",163.75,0.032,1446999788,false
"2025-08-05T15:35:28.196000","SOLUSDT",163.75,0.032,1446999789,false
"2025-08-05T15:35:28.196000","SOLUSDT",163.75,0.032,1446999790,false
"2025-08-05T15:35:28.196000","SOLUSDT",163.75,0.032,1446999791,false
"2025-08-05T15:35:28.196000","SOLUSDT",163.75,1.676,1446999792,false
"2025-08-05T15:35:28.196000","SOLUSDT",163.75,0.032,1446999793,false
"2025-08-05T15:35:28.196000","SOLUSDT",163.75,0.032,1446999794,false
"2025-08-05T15:35:28.196000","SOLUSDT",163.75,0.075,1446999795,false
"2025-08-05T15:35:28.196000","SOLUSDT",163.75,0.032,1446999796,false
"2025-08-05T15:35:28.196000","SOLUSDT",163.75,0.032,1446999797,false
"2025-08-05T15:35:28.196000","SOLUSDT",163.75,0.032,1446999798,false
"2025-08-05T15:35:28.196000","SOLUSDT",163.75,0.032,1446999799,false
"2025-08-05T15:35:28.196000","SOLUSDT",163.75,0.032,1446999800,false
"2025-08-05T15:35:28.196000","SOLUSDT",163.75,0.032,1446999801,false
"2025-08-05T15:35:28.196000","SOLUSDT",163.75,0.032,1446999802,false
"2025-08-05T15:35:28.196000","SOLUSDT",163.75,0.032,1446999803,false
"2025-08-05T15:35:28.196000","SOLUSDT",163.75,0.032,1446999804,false
"2025-08-05T15:35:28.196000","SOLUSDT",163.75,0.032,1446999805,false
"2025-08-05T15:35:27.896000","SOLUSDT",163.74,0.031,1446999774,true
"2025-08-05T15:35:27.896000","SOLUSDT",163.74,0.062,1446999775,true
"2025-08-05T15:35:27.896000","SOLUSDT",163.74,0.032,1446999776,true
"2025-08-05T15:35:27.896000","SOLUSDT",163.74,0.032,1446999777,true
"2025-08-05T15:35:27.896000","SOLUSDT",163.74,0.032,1446999778,true
"2025-08-05T15:35:27.896000","SOLUSDT",163.74,0.032,1446999779,true
"2025-08-05T15:35:27.896000","SOLUSDT",163.74,0.033,1446999780,true
"2025-08-05T15:35:27.896000","SOLUSDT",163.74,0.032,1446999781,true
"2025-08-05T15:35:27.896000","SOLUSDT",163.74,0.032,1446999782,true
"2025-08-05T15:35:27.896000","SOLUSDT",163.74,0.135,1446999783,true
"2025-08-05T15:35:27.896000","SOLUSDT",163.74,0.032,1446999784,true
"2025-08-05T15:35:27.896000","SOLUSDT",163.74,0.032,1446999785,true
"2025-08-05T15:35:27.896000","SOLUSDT",163.74,21.51,1446999786,true
"2025-08-05T15:35:27.809000","SOLUSDT",163.75,0.031,1446999759,true
"2025-08-05T15:35:27.809000","SOLUSDT",163.75,0.032,1446999760,true
"2025-08-05T15:35:27.809000","SOLUSDT",163.75,0.032,1446999761,true
"2025-08-05T15:35:27.809000","SOLUSDT",163.75,0.062,1446999762,true
"2025-08-05T15:35:27.809000","SOLUSDT",163.75,0.032,1446999763,true
"2025-08-05T15:35:27.809000","SOLUSDT",163.75,0.032,1446999764,true
"2025-08-05T15:35:27.809000","SOLUSDT",163.75,0.033,1446999765,true
"2025-08-05T15:35:27.809000","SOLUSDT",163.75,0.032,1446999766,true
"2025-08-05T15:35:27.809000","SOLUSDT",163.75,0.032,1446999767,true
"2025-08-05T15:35:27.809000","SOLUSDT",163.75,0.032,1446999768,true
"2025-08-05T15:35:27.809000","SOLUSDT",163.75,0.032,1446999769,true
"2025-08-05T15:35:27.809000","SOLUSDT",163.75,0.032,1446999770,true
"2025-08-05T15:35:27.809000","SOLUSDT",163.75,0.032,1446999771,true
"2025-08-05T15:35:27.809000","SOLUSDT",163.75,0.474,1446999772,true
"2025-08-05T15:35:27.809000","SOLUSDT",163.75,0.032,1446999773,true
"2025-08-05T15:35:27.044000","SOLUSDT",163.76,0.032,1446999747,false
"2025-08-05T15:35:27.044000","SOLUSDT",163.76,0.032,1446999748,false
"2025-08-05T15:35:27.044000","SOLUSDT",163.76,0.032,1446999749,false
"2025-08-05T15:35:27.044000","SOLUSDT",163.76,0.032,1446999750,false
"2025-08-05T15:35:27.044000","SOLUSDT",163.76,0.032,1446999751,false
"2025-08-05T15:35:27.044000","SOLUSDT",163.76,0.032,1446999752,false
"2025-08-05T15:35:27.044000","SOLUSDT",163.76,1.676,1446999753,false
"2025-08-05T15:35:27.044000","SOLUSDT",163.76,0.032,1446999754,false
"2025-08-05T15:35:27.044000","SOLUSDT",163.76,0.032,1446999755,false
"2025-08-05T15:35:27.044000","SOLUSDT",163.76,0.033,1446999756,false
"2025-08-05T15:35:27.044000","SOLUSDT",163.76,0.505,1446999757,false
"2025-08-05T15:35:27.044000","SOLUSDT",163.76,8.403,1446999758,false
"2025-08-05T15:35:26.349000","SOLUSDT",163.76,1.452,1446999739,true
"2025-08-05T15:35:26.349000","SOLUSDT",163.76,0.032,1446999740,true
"2025-08-05T15:35:26.349000","SOLUSDT",163.76,0.032,1446999741,true
"2025-08-05T15:35:26.349000","SOLUSDT",163.76,0.032,1446999742,true
"2025-08-05T15:35:26.349000","SOLUSDT",163.76,0.032,1446999743,true
"2025-08-05T15:35:26.349000","SOLUSDT",163.76,0.032,1446999744,true
"2025-08-05T15:35:26.349000","SOLUSDT",163.76,0.032,1446999745,true
"2025-08-05T15:35:26.349000","SOLUSDT",163.76,0.07,1446999746,true
"2025-08-05T15:35:26.348000","SOLUSDT",163.76,0.032,1446999731,true
"2025-08-05T15:35:26.348000","SOLUSDT",163.76,0.033,1446999732,true
"2025-08-05T15:35:26.348000","SOLUSDT",163.76,0.032,1446999733,true
"2025-08-05T15:35:26.348000","SOLUSDT",163.76,0.031,1446999734,true
"2025-08-05T15:35:26.348000","SOLUSDT",163.76,0.032,1446999735,true
"2025-08-05T15:35:26.348000","SOLUSDT",163.76,0.032,1446999736,true
"2025-08-05T15:35:26.348000","SOLUSDT",163.76,0.031,1446999737,true
"2025-08-05T15:35:26.348000","SOLUSDT",163.76,3.548,1446999738,true
"2025-08-05T15:35:26.195000","SOLUSDT",163.76,0.492,1446999730,true
"2025-08-05T15:35:25.296000","SOLUSDT",163.77,0.032,1446999717,true
"2025-08-05T15:35:25.296000","SOLUSDT",163.77,0.033,1446999718,true
"2025-08-05T15:35:25.296000","SOLUSDT",163.77,0.032,1446999719,true
"2025-08-05T15:35:25.296000","SOLUSDT",163.77,0.032,1446999720,true
"2025-08-05T15:35:25.296000","SOLUSDT",163.77,0.031,1446999721,true
"2025-08-05T15:35:25.296000","SOLUSDT",163.77,0.032,1446999722,true
"2025-08-05T15:35:25.296000","SOLUSDT",163.77,0.583,1446999723,true
"2025-08-05T15:35:25.296000","SOLUSDT",163.77,0.032,1446999724,true
"2025-08-05T15:35:25.296000","SOLUSDT",163.77,0.032,1446999725,true
"2025-08-05T15:35:25.296000","SOLUSDT",163.77,0.032,1446999726,true
"2025-08-05T15:35:25.296000","SOLUSDT",163.77,0.032,1446999727,true
"2025-08-05T15:35:25.296000","SOLUSDT",163.77,0.032,1446999728,true
"2025-08-05T15:35:25.296000","SOLUSDT",163.77,0.032,1446999729,true
"2025-08-05T15:35:24.710000","SOLUSDT",163.77,0.033,1446999702,true
"2025-08-05T15:35:24.710000","SOLUSDT",163.77,0.031,1446999703,true
"2025-08-05T15:35:24.710000","SOLUSDT",163.77,0.032,1446999704,true
"2025-08-05T15:35:24.710000","SOLUSDT",163.77,1.676,1446999705,true
"2025-08-05T15:35:24.710000","SOLUSDT",163.77,0.032,1446999706,true
"2025-08-05T15:35:24.710000","SOLUSDT",163.77,0.032,1446999707,true
"2025-08-05T15:35:24.710000","SOLUSDT",163.77,0.032,1446999708,true
"2025-08-05T15:35:24.710000","SOLUSDT",163.77,1.49,1446999709,true
"2025-08-05T15:35:24.710000","SOLUSDT",163.77,0.032,1446999710,true
"2025-08-05T15:35:24.710000","SOLUSDT",163.77,0.032,1446999711,true
"2025-08-05T15:35:24.710000","SOLUSDT",163.77,0.032,1446999712,true
"2025-08-05T15:35:24.710000","SOLUSDT",163.77,0.032,1446999713,true
"2025-08-05T15:35:24.710000","SOLUSDT",163.77,0.032,1446999714,true
"2025-08-05T15:35:24.710000","SOLUSDT",163.77,0.032,1446999715,true
"2025-08-05T15:35:24.710000","SOLUSDT",163.77,6.45,1446999716,true
"2025-08-05T15:35:23.759000","SOLUSDT",163.77,4.0,1446999701,true
"2025-08-05T15:32:25.639000","BNBUSDT",750.42,0.007,1120888202,true
"2025-08-05T15:32:25.639000","BNBUSDT",750.42,0.007,1120888203,true
"2025-08-05T15:32:25.639000","BNBUSDT",750.42,0.007,1120888204,true
"2025-08-05T15:32:25.639000","BNBUSDT",750.42,0.007,1120888205,true
"2025-08-05T15:32:25.619000","BNBUSDT",750.42,0.007,1120888199,true
"2025-08-05T15:32:25.619000","BNBUSDT",750.42,0.007,1120888200,true
"2025-08-05T15:32:25.619000","BNBUSDT",750.42,0.007,1120888201,true
"2025-08-05T15:32:25.608000","BNBUSDT",750.44,0.002,1120888198,true
"2025-08-05T15:32:25.605000","BNBUSDT",750.44,0.007,1120888193,true
"2025-08-05T15:32:25.605000","BNBUSDT",750.44,0.007,1120888194,true
"2025-08-05T15:32:25.605000","BNBUSDT",750.44,0.007,1120888195,true
"2025-08-05T15:32:25.605000","BNBUSDT",750.44,0.007,1120888196,true
"2025-08-05T15:32:25.605000","BNBUSDT",750.44,0.005,1120888197,true
"2025-08-05T15:32:25.596000","BNBUSDT",750.45,0.008,1120888189,true
"2025-08-05T15:32:25.596000","BNBUSDT",750.45,0.007,1120888190,true
"2025-08-05T15:32:25.596000","BNBUSDT",750.45,0.007,1120888191,true
"2025-08-05T15:32:25.596000","BNBUSDT",750.45,0.007,1120888192,true
"2025-08-05T15:32:25.595000","BNBUSDT",750.46,0.014,1120888184,true
"2025-08-05T15:32:25.595000","BNBUSDT",750.46,0.066,1120888185,true
"2025-08-05T15:32:25.595000","BNBUSDT",750.46,0.007,1120888186,true
"2025-08-05T15:32:25.595000","BNBUSDT",750.46,0.007,1120888187,true
"2025-08-05T15:32:25.595000","BNBUSDT",750.46,0.007,1120888188,true
"2025-08-05T15:32:25.590000","BNBUSDT",750.47,0.05,1120888183,false
"2025-08-05T15:32:25.589000","BNBUSDT",750.47,0.007,1120888182,true
"2025-08-05T15:32:25.586000","BNBUSDT",750.47,0.007,1120888177,true
"2025-08-05T15:32:25.586000","BNBUSDT",750.47,0.015,1120888178,true
"2025-08-05T15:32:25.586000","BNBUSDT",750.47,0.007,1120888179,true
"2025-08-05T15:32:25.586000","BNBUSDT",750.47,0.007,1120888180,true
"2025-08-05T15:32:25.586000","BNBUSDT",750.47,0.007,1120888181,true
"2025-08-05T15:32:25.270000","BNBUSDT",750.48,0.007,1120888174,true
"2025-08-05T15:32:25.270000","BNBUSDT",750.48,0.007,1120888175,true
"2025-08-05T15:32:25.270000","BNBUSDT",750.48,0.007,1120888176,true
"2025-08-05T15:32:25.264000","BNBUSDT",750.5,0.071,1120888168,true
"2025-08-05T15:32:25.264000","BNBUSDT",750.5,0.007,1120888169,true
"2025-08-05T15:32:25.264000","BNBUSDT",750.5,0.007,1120888170,true
"2025-08-05T15:32:25.264000","BNBUSDT",750.5,0.007,1120888171,true
"2025-08-05T15:32:25.264000","BNBUSDT",750.5,0.007,1120888172,true
"2025-08-05T15:32:25.264000","BNBUSDT",750.5,0.007,1120888173,true
"2025-08-05T15:32:25.259000","BNBUSDT",750.5,0.028,1120888167,true
"2025-08-05T15:32:25.253000","BNBUSDT",750.52,0.007,1120888162,true
"2025-08-05T15:32:25.253000","BNBUSDT",750.52,0.007,1120888163,true
"2025-08-05T15:32:25.253000","BNBUSDT",750.5,0.01,1120888164,true
"2025-08-05T15:32:25.253000","BNBUSDT",750.5,0.008,1120888165,true
"2025-08-05T15:32:25.253000","BNBUSDT",750.5,0.901,1120888166,true
"2025-08-05T15:32:25.252000","BNBUSDT",750.53,0.007,1120888156,true
"2025-08-05T15:32:25.252000","BNBUSDT",750.53,0.007,1120888157,true
"2025-08-05T15:32:25.252000","BNBUSDT",750.53,0.007,1120888158,true
"2025-08-05T15:32:25.252000","BNBUSDT",750.53,0.007,1120888159,true
"2025-08-05T15:32:25.252000","BNBUSDT",750.53,0.007,1120888160,true
"2025-08-05T15:32:25.252000","BNBUSDT",750.52,0.007,1120888161,true
"2025-08-05T15:32:25.172000","BNBUSDT",750.54,0.014,1120888152,true
"2025-08-05T15:32:25.172000","BNBUSDT",750.54,0.007,1120888153,true
"2025-08-05T15:32:25.172000","BNBUSDT",750.54,0.007,1120888154,true
"2025-08-05T15:32:25.172000","BNBUSDT",750.54,0.007,1120888155,true
"2025-08-05T15:32:25.171000","BNBUSDT",750.55,0.007,1120888148,true
"2025-08-05T15:32:25.171000","BNBUSDT",750.55,0.007,1120888149,true
"2025-08-05T15:32:25.171000","BNBUSDT",750.55,0.007,1120888150,true
"2025-08-05T15:32:25.171000","BNBUSDT",750.55,0.007,1120888151,true
"2025-08-05T15:32:25.124000","BNBUSDT",750.55,0.007,1120888144,true
"2025-08-05T15:32:25.124000","BNBUSDT",750.55,0.007,1120888145,true
"2025-08-05T15:32:25.124000","BNBUSDT",750.55,0.007,1120888146,true
"2025-08-05T15:32:25.124000","BNBUSDT",750.55,0.007,1120888147,true
"2025-08-05T15:32:25.124000","BNBUSDT",750.55,0.007,1120888143,true
"2025-08-05T15:32:25.101000","BNBUSDT",750.56,0.007,1120888142,false
"2025-08-05T15:32:25.054000","BNBUSDT",750.55,0.014,1120888140,true
"2025-08-05T15:32:25.054000","BNBUSDT",750.55,0.001,1120888141,true
"2025-08-05T15:32:24.767000","BNBUSDT",750.56,0.007,1120888137,true
"2025-08-05T15:32:24.767000","BNBUSDT",750.56,0.007,1120888138,true
"2025-08-05T15:32:24.767000","BNBUSDT",750.56,0.007,1120888139,true
"2025-08-05T15:32:24.767000","BNBUSDT",750.56,0.435,1120888135,true
"2025-08-05T15:32:24.767000","BNBUSDT",750.56,0.007,1120888136,true
"2025-08-05T15:32:24.767000","BNBUSDT",750.56,0.014,1120888133,true
"2025-08-05T15:32:24.767000","BNBUSDT",750.56,0.007,1120888134,true
"2025-08-05T15:32:24.731000","BNBUSDT",750.6,0.007,1120888130,true
"2025-08-05T15:32:24.731000","BNBUSDT",750.59,0.007,1120888131,true
"2025-08-05T15:32:24.731000","BNBUSDT",750.59,0.007,1120888132,true
"2025-08-05T15:32:24.731000","BNBUSDT",750.6,1.0,1120888128,true
"2025-08-05T15:32:24.731000","BNBUSDT",750.6,0.014,1120888129,true
"2025-08-05T15:32:24.731000","BNBUSDT",750.6,0.008,1120888126,true
"2025-08-05T15:32:24.731000","BNBUSDT",750.6,0.007,1120888127,true
"2025-08-05T15:32:24.715000","BNBUSDT",750.61,0.007,1120888125,true
"2025-08-05T15:32:24.715000","BNBUSDT",750.63,0.007,1120888123,true
"2025-08-05T15:32:24.715000","BNBUSDT",750.63,0.007,1120888124,true
"2025-08-05T15:32:24.715000","BNBUSDT",750.63,0.014,1120888121,true
"2025-08-05T15:32:24.715000","BNBUSDT",750.63,0.007,1120888122,true
"2025-08-05T15:32:24.708000","BNBUSDT",750.64,0.007,1120888120,true
"2025-08-05T15:32:24.708000","BNBUSDT",750.64,0.001,1120888119,true
"2025-08-05T15:32:24.703000","BNBUSDT",750.64,0.007,1120888115,true
"2025-08-05T15:32:24.703000","BNBUSDT",750.64,0.007,1120888116,true
"2025-08-05T15:32:24.703000","BNBUSDT",750.64,0.007,1120888117,true
"2025-08-05T15:32:24.703000","BNBUSDT",750.64,0.006,1120888118,true
"2025-08-05T15:32:24.664000","BNBUSDT",750.65,0.008,1120888113,true
"2025-08-05T15:32:24.664000","BNBUSDT",750.65,0.007,1120888114,true
"2025-08-05T15:32:24.664000","BNBUSDT",750.65,0.771,1120888111,true
"2025-08-05T15:32:24.664000","BNBUSDT",750.65,0.014,1120888112,true
"2025-08-05T15:32:24.664000","BNBUSDT",750.65,0.027,1120888110,true
"2025-08-05T15:32:24.662000","BNBUSDT",750.67,0.007,1120888106,true
"2025-08-05T15:32:24.662000","BNBUSDT",750.67,0.007,1120888107,true
"2025-08-05T15:32:24.662000","BNBUSDT",750.67,0.007,1120888108,true
"2025-08-05T15:32:24.662000","BNBUSDT",750.66,0.007,1120888109,true
"2025-08-05T15:32:24.656000","BNBUSDT",750.68,0.007,1120888105,true
"2025-08-05T15:32:24.644000","BNBUSDT",750.71,0.007,1120888100,true
"2025-08-05T15:32:24.644000","BNBUSDT",750.71,0.007,1120888101,true
"2025-08-05T15:32:24.644000","BNBUSDT",750.71,0.007,1120888102,true
"2025-08-05T15:32:24.644000","BNBUSDT",750.7,0.007,1120888103,true
"2025-08-05T15:32:24.644000","BNBUSDT",750.69,0.007,1120888104,true
"2025-08-05T15:32:24.641000","BNBUSDT",750.72,0.006,1120888096,true
"2025-08-05T15:32:24.641000","BNBUSDT",750.72,0.007,1120888097,true
"2025-08-05T15:32:24.641000","BNBUSDT",750.72,0.007,1120888098,true
"2025-08-05T15:32:24.641000","BNBUSDT",750.72,0.007,1120888099,true
"2025-08-05T15:32:24.264000","BNBUSDT",750.73,0.06,1120888095,false
"2025-08-05T15:32:23.731000","BNBUSDT",750.72,0.005,1120888092,true
"2025-08-05T15:32:23.731000","BNBUSDT",750.72,0.007,1120888093,true
"2025-08-05T15:32:23.731000","BNBUSDT",750.72,0.001,1120888094,true
"2025-08-05T15:32:23.579000","BNBUSDT",750.73,0.013,1120888091,false
"2025-08-05T15:32:23.276000","BNBUSDT",750.73,0.023,1120888090,false
"2025-08-05T15:32:22.354000","BNBUSDT",750.72,0.009,1120888089,true
"2025-08-05T15:32:22.316000","BNBUSDT",750.74,0.007,1120888084,true
"2025-08-05T15:32:22.316000","BNBUSDT",750.74,0.007,1120888085,true
"2025-08-05T15:32:22.316000","BNBUSDT",750.74,0.007,1120888086,true
"2025-08-05T15:32:22.316000","BNBUSDT",750.74,0.007,1120888087,true
"2025-08-05T15:32:22.316000","BNBUSDT",750.74,0.007,1120888088,true
"2025-08-05T15:32:22.312000","BNBUSDT",750.79,0.125,1120888069,true
"2025-08-05T15:32:22.312000","BNBUSDT",750.79,0.065,1120888070,true
"2025-08-05T15:32:22.312000","BNBUSDT",750.79,0.007,1120888071,true
"2025-08-05T15:32:22.312000","BNBUSDT",750.79,0.007,1120888072,true
"2025-08-05T15:32:22.312000","BNBUSDT",750.79,0.007,1120888073,true
"2025-08-05T15:32:22.312000","BNBUSDT",750.79,0.007,1120888074,true
"2025-08-05T15:32:22.312000","BNBUSDT",750.79,0.012,1120888075,true
"2025-08-05T15:32:22.312000","BNBUSDT",750.79,0.399,1120888076,true
"2025-08-05T15:32:22.312000","BNBUSDT",750.79,0.007,1120888077,true
"2025-08-05T15:32:22.312000","BNBUSDT",750.77,0.007,1120888078,true
"2025-08-05T15:32:22.312000","BNBUSDT",750.77,0.007,1120888079,true
"2025-08-05T15:32:22.312000","BNBUSDT",750.77,0.007,1120888080,true
"2025-08-05T15:32:22.312000","BNBUSDT",750.76,0.007,1120888081,true
"2025-08-05T15:32:22.312000","BNBUSDT",750.75,0.007,1120888082,true
"2025-08-05T15:32:22.312000","BNBUSDT",750.74,1.043,1120888083,true
"2025-08-05T15:32:21.335000","BNBUSDT",750.8,0.007,1120888067,false
"2025-08-05T15:32:21.335000","BNBUSDT",750.8,0.003,1120888068,false
"2025-08-05T15:32:21.207000","BNBUSDT",750.77,0.007,1120888055,false
"2025-08-05T15:32:21.207000","BNBUSDT",750.77,0.014,1120888056,false
"2025-08-05T15:32:21.207000","BNBUSDT",750.77,0.007,1120888057,false
"2025-08-05T15:32:21.207000","BNBUSDT",750.77,0.007,1120888058,false
"2025-08-05T15:32:21.207000","BNBUSDT",750.77,0.007,1120888059,false
"2025-08-05T15:32:21.207000","BNBUSDT",750.78,0.007,1120888060,false
"2025-08-05T15:32:21.207000","BNBUSDT",750.78,0.007,1120888061,false
"2025-08-05T15:32:21.207000","BNBUSDT",750.78,0.007,1120888062,false
"2025-08-05T15:32:21.207000","BNBUSDT",750.78,0.007,1120888063,false
"2025-08-05T15:32:21.207000","BNBUSDT",750.78,0.007,1120888064,false
"2025-08-05T15:32:21.207000","BNBUSDT",750.78,0.007,1120888065,false
"2025-08-05T15:32:21.207000","BNBUSDT",750.79,0.007,1120888066,false
"2025-08-05T15:32:21.108000","BNBUSDT",750.77,0.007,1120888050,false
"2025-08-05T15:32:21.108000","BNBUSDT",750.77,0.007,1120888051,false
"2025-08-05T15:32:21.108000","BNBUSDT",750.77,0.007,1120888052,false
"2025-08-05T15:32:21.108000","BNBUSDT",750.77,0.007,1120888053,false
"2025-08-05T15:32:21.108000","BNBUSDT",750.77,1.939,1120888054,false
"2025-08-05T15:32:21.104000","BNBUSDT",750.76,0.014,1120888039,false
"2025-08-05T15:32:21.104000","BNBUSDT",750.76,0.007,1120888040,false
"2025-08-05T15:32:21.104000","BNBUSDT",750.76,0.007,1120888041,false
"2025-08-05T15:32:21.104000","BNBUSDT",750.76,0.007,1120888042,false
"2025-08-05T15:32:21.104000","BNBUSDT",750.76,0.007,1120888043,false
"2025-08-05T15:32:21.104000","BNBUSDT",750.76,0.007,1120888044,false
"2025-08-05T15:32:21.104000","BNBUSDT",750.76,0.007,1120888045,false
"2025-08-05T15:32:21.104000","BNBUSDT",750.76,0.014,1120888046,false
"2025-08-05T15:32:21.104000","BNBUSDT",750.76,0.007,1120888047,false
"2025-08-05T15:32:21.104000","BNBUSDT",750.76,0.007,1120888048,false
"2025-08-05T15:32:21.104000","BNBUSDT",750.76,0.007,1120888049,false
"2025-08-05T15:32:20.780000","BNBUSDT",750.76,0.027,1120888038,false
"2025-08-05T15:32:19.915000","BNBUSDT",750.76,0.019,1120888037,false
"2025-08-05T15:32:19.744000","BNBUSDT",750.76,0.013,1120888036,false
"2025-08-05T15:32:19.020000","BNBUSDT",750.76,0.009,1120888035,false
"2025-08-05T15:32:19.008000","BNBUSDT",750.68,0.007,1120888016,false
"2025-08-05T15:32:19.008000","BNBUSDT",750.68,0.007,1120888017,false
"2025-08-05T15:32:19.008000","BNBUSDT",750.68,0.007,1120888018,false
"2025-08-05T15:32:19.008000","BNBUSDT",750.68,0.007,1120888019,false
"2025-08-05T15:32:19.008000","BNBUSDT",750.68,0.007,1120888020,false
"2025-08-05T15:32:19.008000","BNBUSDT",750.68,0.007,1120888021,false
"2025-08-05T15:32:19.008000","BNBUSDT",750.68,0.007,1120888022,false
"2025-08-05T15:32:19.008000","BNBUSDT",750.68,0.007,1120888023,false
"2025-08-05T15:32:19.008000","BNBUSDT",750.69,0.007,1120888024,false
"2025-08-05T15:32:19.008000","BNBUSDT",750.69,0.007,1120888025,false
"2025-08-05T15:32:19.008000","BNBUSDT",750.69,0.007,1120888026,false
"2025-08-05T15:32:19.008000","BNBUSDT",750.7,0.014,1120888027,false
"2025-08-05T15:32:19.008000","BNBUSDT",750.7,0.007,1120888028,false
"2025-08-05T15:32:19.008000","BNBUSDT",750.73,0.007,1120888029,false
"2025-08-05T15:32:19.008000","BNBUSDT",750.74,0.014,1120888030,false
"2025-08-05T15:32:19.008000","BNBUSDT",750.74,0.007,1120888031,false
"2025-08-05T15:32:19.008000","BNBUSDT",750.75,0.007,1120888032,false
"2025-08-05T15:32:19.008000","BNBUSDT",750.75,0.007,1120888033,false
"2025-08-05T15:32:19.008000","BNBUSDT",750.75,0.007,1120888034,false
"2025-08-05T15:32:18.939000","BNBUSDT",750.66,0.007,1120888005,false
"2025-08-05T15:32:18.939000","BNBUSDT",750.66,0.007,1120888006,false
"2025-08-05T15:32:18.939000","BNBUSDT",750.66,0.007,1120888007,false
"2025-08-05T15:32:18.939000","BNBUSDT",750.66,0.007,1120888008,false
"2025-08-05T15:32:18.939000","BNBUSDT",750.66,0.007,1120888009,false
"2025-08-05T15:32:18.939000","BNBUSDT",750.66,0.007,1120888010,false
"2025-08-05T15:32:18.939000","BNBUSDT",750.66,0.007,1120888011,false
"2025-08-05T15:32:18.939000","BNBUSDT",750.66,0.007,1120888012,false
"2025-08-05T15:32:18.939000","BNBUSDT",750.67,0.007,1120888013,false
"2025-08-05T15:32:18.939000","BNBUSDT",750.67,0.007,1120888014,false
"2025-08-05T15:32:18.939000","BNBUSDT",750.67,0.007,1120888015,false
"2025-08-05T15:32:18.866000","BNBUSDT",750.65,0.035,1120888004,true
"2025-08-05T15:32:18.003000","BNBUSDT",750.65,0.007,1120887999,false
"2025-08-05T15:32:18.003000","BNBUSDT",750.65,0.007,1120888000,false
"2025-08-05T15:32:18.003000","BNBUSDT",750.65,0.007,1120888001,false
"2025-08-05T15:32:18.003000","BNBUSDT",750.65,0.007,1120888002,false
"2025-08-05T15:32:18.003000","BNBUSDT",750.65,0.007,1120888003,false
"2025-08-05T15:32:17.960000","BNBUSDT",750.61,0.005,1120887990,false
"2025-08-05T15:32:17.960000","BNBUSDT",750.61,0.007,1120887991,false
"2025-08-05T15:32:17.960000","BNBUSDT",750.61,0.065,1120887992,false
"2025-08-05T15:32:17.960000","BNBUSDT",750.61,0.125,1120887993,false
"2025-08-05T15:32:17.960000","BNBUSDT",750.61,0.007,1120887994,false
"2025-08-05T15:32:17.960000","BNBUSDT",750.61,0.007,1120887995,false
"2025-08-05T15:32:17.960000","BNBUSDT",750.61,0.007,1120887996,false
"2025-08-05T15:32:17.960000","BNBUSDT",750.61,0.007,1120887997,false
"2025-08-05T15:32:17.960000","BNBUSDT",750.61,0.007,1120887998,false
"2025-08-05T15:32:17.935000","BNBUSDT",750.61,0.001,1120887987,false
"2025-08-05T15:32:17.935000","BNBUSDT",750.61,0.007,1120887988,false
"2025-08-05T15:32:17.935000","BNBUSDT",750.61,0.002,1120887989,false
"2025-08-05T15:32:16.278000","BNBUSDT",750.61,0.006,1120887986,false
"2025-08-05T15:32:16.189000","BNBUSDT",750.61,0.142,1120887985,false
"2025-08-05T15:32:16.008000","BNBUSDT",750.65,0.007,1120887974,true
"2025-08-05T15:32:16.008000","BNBUSDT",750.65,0.007,1120887975,true
"2025-08-05T15:32:16.008000","BNBUSDT",750.65,0.007,1120887976,true
"2025-08-05T15:32:16.008000","BNBUSDT",750.65,0.007,1120887977,true
"2025-08-05T15:32:16.008000","BNBUSDT",750.64,0.007,1120887978,true
"2025-08-05T15:32:16.008000","BNBUSDT",750.64,0.007,1120887979,true
"2025-08-05T15:32:16.008000","BNBUSDT",750.64,0.007,1120887980,true
"2025-08-05T15:32:16.008000","BNBUSDT",750.62,0.014,1120887981,true
"2025-08-05T15:32:16.008000","BNBUSDT",750.62,0.007,1120887982,true
"2025-08-05T15:32:16.008000","BNBUSDT",750.61,0.014,1120887983,true
"2025-08-05T15:32:16.008000","BNBUSDT",750.61,0.007,1120887984,true
"2025-08-05T15:32:15.998000","BNBUSDT",750.65,0.008,1120887969,true
"2025-08-05T15:32:15.998000","BNBUSDT",750.65,0.007,1120887970,true
"2025-08-05T15:32:15.998000","BNBUSDT",750.65,0.007,1120887971,true
"2025-08-05T15:32:15.998000","BNBUSDT",750.65,0.007,1120887972,true
"2025-08-05T15:32:15.998000","BNBUSDT",750.65,0.007,1120887973,true
"2025-08-05T15:32:15.980000","BNBUSDT",750.69,0.001,1120887959,true
"2025-08-05T15:32:15.980000","BNBUSDT",750.69,0.007,1120887960,true
"2025-08-05T15:32:15.980000","BNBUSDT",750.69,0.007,1120887961,true
"2025-08-05T15:32:15.980000","BNBUSDT",750.69,0.007,1120887962,true
"2025-08-05T15:32:15.980000","BNBUSDT",750.69,0.007,1120887963,true
"2025-08-05T15:32:15.980000","BNBUSDT",750.68,0.007,1120887964,true
"2025-08-05T15:32:15.980000","BNBUSDT",750.68,0.007,1120887965,true
"2025-08-05T15:32:15.980000","BNBUSDT",750.68,0.007,1120887966,true
"2025-08-05T15:32:15.980000","BNBUSDT",750.67,0.007,1120887967,true
"2025-08-05T15:32:15.980000","BNBUSDT",750.66,0.007,1120887968,true
"2025-08-05T15:32:15.828000","BNBUSDT",750.69,0.007,1120887957,true
"2025-08-05T15:32:15.828000","BNBUSDT",750.69,0.006,1120887958,true
"2025-08-05T15:32:15.793000","BNBUSDT",750.69,0.249,1120887955,true
"2025-08-05T15:32:15.793000","BNBUSDT",750.69,0.007,1120887956,true
"2025-08-05T15:32:15.627000","BNBUSDT",750.7,0.031,1120887954,false
"2025-08-05T15:32:15.453000","BNBUSDT",750.7,1.594,1120887952,false
"2025-08-05T15:32:15.453000","BNBUSDT",750.7,1.584,1120887953,false
"2025-08-05T15:32:14.811000","BNBUSDT",750.7,0.028,1120887951,false
"2025-08-05T15:32:14.536000","BNBUSDT",750.69,0.014,1120887944,true
"2025-08-05T15:32:14.536000","BNBUSDT",750.69,0.007,1120887945,true
"2025-08-05T15:32:14.536000","BNBUSDT",750.69,0.007,1120887946,true
"2025-08-05T15:32:14.536000","BNBUSDT",750.69,0.007,1120887947,true
"2025-08-05T15:32:14.536000","BNBUSDT",750.69,0.007,1120887948,true
"2025-08-05T15:32:14.536000","BNBUSDT",750.69,0.399,1120887949,true
"2025-08-05T15:32:14.536000","BNBUSDT",750.69,0.186,1120887950,true
"2025-08-05T15:32:13.211000","BNBUSDT",750.7,0.042,1120887943,false
"2025-08-05T15:32:12.898000","BNBUSDT",750.7,0.007,1120887938,true
"2025-08-05T15:32:12.898000","BNBUSDT",750.7,0.007,1120887939,true
"2025-08-05T15:32:12.898000","BNBUSDT",750.7,0.007,1120887940,true
"2025-08-05T15:32:12.898000","BNBUSDT",750.7,0.007,1120887941,true
"2025-08-05T15:32:12.898000","BNBUSDT",750.7,0.007,1120887942,true
"2025-08-05T15:32:12.865000","BNBUSDT",750.77,0.014,1120887919,true
"2025-08-05T15:32:12.865000","BNBUSDT",750.77,0.007,1120887920,true
"2025-08-05T15:32:12.865000","BNBUSDT",750.77,0.007,1120887921,true
"2025-08-05T15:32:12.865000","BNBUSDT",750.77,0.007,1120887922,true
"2025-08-05T15:32:12.865000","BNBUSDT",750.77,0.007,1120887923,true
"2025-08-05T15:32:12.865000","BNBUSDT",750.77,0.007,1120887924,true
"2025-08-05T15:32:12.865000","BNBUSDT",750.76,0.007,1120887925,true
"2025-08-05T15:32:12.865000","BNBUSDT",750.76,0.007,1120887926,true
"2025-08-05T15:32:12.865000","BNBUSDT",750.76,0.007,1120887927,true
"2025-08-05T15:32:12.865000","BNBUSDT",750.75,0.207,1120887928,true
"2025-08-05T15:32:12.865000","BNBUSDT",750.75,0.008,1120887929,true
"2025-08-05T15:32:12.865000","BNBUSDT",750.75,0.007,1120887930,true
"2025-08-05T15:32:12.865000","BNBUSDT",750.74,0.014,1120887931,true
"2025-08-05T15:32:12.865000","BNBUSDT",750.74,0.007,1120887932,true
"2025-08-05T15:32:12.865000","BNBUSDT",750.71,0.014,1120887933,true
"2025-08-05T15:32:12.865000","BNBUSDT",750.71,0.007,1120887934,true
"2025-08-05T15:32:12.865000","BNBUSDT",750.7,1.0,1120887935,true
"2025-08-05T15:32:12.865000","BNBUSDT",750.7,0.014,1120887936,true
"2025-08-05T15:32:12.865000","BNBUSDT",750.7,0.245,1120887937,true
"2025-08-05T15:32:12.782000","BNBUSDT",750.8,0.014,1120887909,true
"2025-08-05T15:32:12.782000","BNBUSDT",750.8,0.007,1120887910,true
"2025-08-05T15:32:12.782000","BNBUSDT",750.8,0.007,1120887911,true
"2025-08-05T15:32:12.782000","BNBUSDT",750.8,0.007,1120887912,true
"2025-08-05T15:32:12.782000","BNBUSDT",750.8,0.007,1120887913,true
"2025-08-05T15:32:12.782000","BNBUSDT",750.8,0.007,1120887914,true
"2025-08-05T15:32:12.782000","BNBUSDT",750.8,0.007,1120887915,true
"2025-08-05T15:32:12.782000","BNBUSDT",750.78,0.007,1120887916,true
"2025-08-05T15:32:12.782000","BNBUSDT",750.78,0.007,1120887917,true
"2025-08-05T15:32:12.782000","BNBUSDT",750.78,0.007,1120887918,true
"2025-08-05T15:32:12.758000","BNBUSDT",750.81,1.611,1120887907,false
"2025-08-05T15:32:12.758000","BNBUSDT",750.81,0.104,1120887908,false
"2025-08-05T15:32:12.398000","BNBUSDT",750.86,0.007,1120887900,true
"2025-08-05T15:32:12.398000","BNBUSDT",750.86,0.007,1120887901,true
"2025-08-05T15:32:12.398000","BNBUSDT",750.86,0.046,1120887902,true
"2025-08-05T15:32:12.398000","BNBUSDT",750.86,0.007,1120887903,true
"2025-08-05T15:32:12.398000","BNBUSDT",750.84,0.007,1120887904,true
"2025-08-05T15:32:12.398000","BNBUSDT",750.83,0.007,1120887905,true
"2025-08-05T15:32:12.398000","BNBUSDT",750.82,0.007,1120887906,true
"2025-08-05T15:32:12.397000","BNBUSDT",750.87,0.007,1120887898,true
"2025-08-05T15:32:12.397000","BNBUSDT",750.87,0.007,1120887899,true
"2025-08-05T15:32:12.396000","BNBUSDT",750.87,0.007,1120887887,true
"2025-08-05T15:32:12.396000","BNBUSDT",750.87,0.007,1120887888,true
"2025-08-05T15:32:12.396000","BNBUSDT",750.87,0.007,1120887889,true
"2025-08-05T15:32:12.396000","BNBUSDT",750.87,0.125,1120887890,true
"2025-08-05T15:32:12.396000","BNBUSDT",750.87,0.007,1120887891,true
"2025-08-05T15:32:12.396000","BNBUSDT",750.87,0.065,1120887892,true
"2025-08-05T15:32:12.396000","BNBUSDT",750.87,0.007,1120887893,true
"2025-08-05T15:32:12.396000","BNBUSDT",750.87,0.007,1120887894,true
"2025-08-05T15:32:12.396000","BNBUSDT",750.87,0.007,1120887895,true
"2025-08-05T15:32:12.396000","BNBUSDT",750.87,0.007,1120887896,true
"2025-08-05T15:32:12.396000","BNBUSDT",750.87,0.106,1120887897,true
"2025-08-05T15:32:10.423000","BNBUSDT",750.87,0.04,1120887886,true
"2025-08-05T15:32:10.008000","BNBUSDT",750.81,0.007,1120887875,false
"2025-08-05T15:32:10.008000","BNBUSDT",750.81,0.007,1120887876,false
"2025-08-05T15:32:10.008000","BNBUSDT",750.81,0.007,1120887877,false
"2025-08-05T15:32:10.008000","BNBUSDT",750.81,0.007,1120887878,false
"2025-08-05T15:32:10.008000","BNBUSDT",750.81,0.007,1120887879,false
"2025-08-05T15:32:10.008000","BNBUSDT",750.85,0.014,1120887880,false
"2025-08-05T15:32:10.008000","BNBUSDT",750.85,0.007,1120887881,false
"2025-08-05T15:32:10.008000","BNBUSDT",750.85,0.007,1120887882,false
"2025-08-05T15:32:10.008000","BNBUSDT",750.85,0.007,1120887883,false
"2025-08-05T15:32:10.008000","BNBUSDT",750.86,0.007,1120887884,false
"2025-08-05T15:32:10.008000","BNBUSDT",750.87,0.007,1120887885,false
"2025-08-05T15:32:09.861000","BNBUSDT",750.8,0.007,1120887873,false
"2025-08-05T15:32:09.861000","BNBUSDT",750.8,0.007,1120887874,false
"2025-08-05T15:32:09.858000","BNBUSDT",750.79,0.007,1120887872,false
"2025-08-05T15:32:09.857000","BNBUSDT",750.78,0.007,1120887870,false
"2025-08-05T15:32:09.857000","BNBUSDT",750.78,0.007,1120887871,false
"2025-08-05T15:32:09.856000","BNBUSDT",750.77,0.052,1120887859,false
"2025-08-05T15:32:09.856000","BNBUSDT",750.77,0.007,1120887860,false
"2025-08-05T15:32:09.856000","BNBUSDT",750.77,0.125,1120887861,false
"2025-08-05T15:32:09.856000","BNBUSDT",750.77,0.007,1120887862,false
"2025-08-05T15:32:09.856000","BNBUSDT",750.77,0.007,1120887863,false
"2025-08-05T15:32:09.856000","BNBUSDT",750.77,0.007,1120887864,false
"2025-08-05T15:32:09.856000","BNBUSDT",750.77,0.732,1120887865,false
"2025-08-05T15:32:09.856000","BNBUSDT",750.77,0.531,1120887866,false
"2025-08-05T15:32:09.856000","BNBUSDT",750.77,0.5,1120887867,false
"2025-08-05T15:32:09.856000","BNBUSDT",750.77,0.007,1120887868,false
"2025-08-05T15:32:09.856000","BNBUSDT",750.78,0.007,1120887869,false
"2025-08-05T15:32:08.709000","BNBUSDT",750.76,0.013,1120887858,true
"2025-08-05T15:32:08.561000","BNBUSDT",750.77,0.013,1120887857,false
"2025-08-05T15:32:07.210000","BNBUSDT",750.76,0.007,1120887853,true
"2025-08-05T15:32:07.210000","BNBUSDT",750.76,0.007,1120887854,true
"2025-08-05T15:32:07.210000","BNBUSDT",750.76,0.007,1120887855,true
"2025-08-05T15:32:07.210000","BNBUSDT",750.76,1.153,1120887856,true
"2025-08-05T15:32:06.120000","BNBUSDT",750.77,0.007,1120887848,true
"2025-08-05T15:32:06.120000","BNBUSDT",750.77,0.007,1120887849,true
"2025-08-05T15:32:06.120000","BNBUSDT",750.77,0.007,1120887850,true
"2025-08-05T15:32:06.120000","BNBUSDT",750.77,0.007,1120887851,true
"2025-08-05T15:32:06.120000","BNBUSDT",750.77,0.007,1120887852,true
"2025-08-05T15:32:06.104000","BNBUSDT",750.79,0.003,1120887844,true
"2025-08-05T15:32:06.104000","BNBUSDT",750.79,0.007,1120887845,true
"2025-08-05T15:32:06.104000","BNBUSDT",750.79,0.007,1120887846,true
"2025-08-05T15:32:06.104000","BNBUSDT",750.79,0.007,1120887847,true
"2025-08-05T15:32:06.076000","BNBUSDT",750.79,0.003,1120887841,true
"2025-08-05T15:32:06.076000","BNBUSDT",750.79,0.007,1120887842,true
"2025-08-05T15:32:06.076000","BNBUSDT",750.79,0.004,1120887843,true
"2025-08-05T15:32:06.065000","BNBUSDT",750.79,0.007,1120887838,true
"2025-08-05T15:32:06.065000","BNBUSDT",750.79,0.007,1120887839,true
"2025-08-05T15:32:06.065000","BNBUSDT",750.79,0.004,1120887840,true
"2025-08-05T15:32:06.051000","BNBUSDT",750.79,0.007,1120887833,true
"2025-08-05T15:32:06.051000","BNBUSDT",750.79,0.007,1120887834,true
"2025-08-05T15:32:06.051000","BNBUSDT",750.79,0.007,1120887835,true
"2025-08-05T15:32:06.051000","BNBUSDT",750.79,0.007,1120887836,true
"2025-08-05T15:32:06.051000","BNBUSDT",750.79,0.311,1120887837,true
"2025-08-05T15:32:06.008000","BNBUSDT",750.79,0.001,1120887829,true
"2025-08-05T15:32:06.008000","BNBUSDT",750.79,0.007,1120887830,true
"2025-08-05T15:32:06.008000","BNBUSDT",750.79,0.007,1120887831,true
"2025-08-05T15:32:06.008000","BNBUSDT",750.79,0.007,1120887832,true
"2025-08-05T15:32:05.548000","BNBUSDT",750.8,0.103,1120887828,false
"2025-08-05T15:32:05.480000","BNBUSDT",750.79,0.014,1120887825,true
"2025-08-05T15:32:05.480000","BNBUSDT",750.79,0.007,1120887826,true
"2025-08-05T15:32:05.480000","BNBUSDT",750.79,0.006,1120887827,true
"2025-08-05T15:32:05.214000","BNBUSDT",750.8,0.069,1120887824,false
"2025-08-05T15:32:04.166000","BNBUSDT",750.83,0.007,1120887816,true
"2025-08-05T15:32:04.166000","BNBUSDT",750.83,0.007,1120887817,true
"2025-08-05T15:32:04.166000","BNBUSDT",750.83,0.007,1120887818,true
"2025-08-05T15:32:04.166000","BNBUSDT",750.82,0.014,1120887819,true
"2025-08-05T15:32:04.166000","BNBUSDT",750.82,0.007,1120887820,true
"2025-08-05T15:32:04.166000","BNBUSDT",750.81,0.007,1120887821,true
"2025-08-05T15:32:04.166000","BNBUSDT",750.8,0.007,1120887822,true
"2025-08-05T15:32:04.166000","BNBUSDT",750.8,0.007,1120887823,true
"2025-08-05T15:32:04.164000","BNBUSDT",750.84,0.007,1120887811,true
"2025-08-05T15:32:04.164000","BNBUSDT",750.84,0.007,1120887812,true
"2025-08-05T15:32:04.164000","BNBUSDT",750.84,0.007,1120887813,true
"2025-08-05T15:32:04.164000","BNBUSDT",750.84,0.007,1120887814,true
"2025-08-05T15:32:04.164000","BNBUSDT",750.84,0.399,1120887815,true
"2025-08-05T15:32:04.146000","BNBUSDT",750.84,0.007,1120887807,true
"2025-08-05T15:32:04.146000","BNBUSDT",750.84,0.007,1120887808,true
"2025-08-05T15:32:04.146000","BNBUSDT",750.84,0.007,1120887809,true
"2025-08-05T15:32:04.146000","BNBUSDT",750.84,0.007,1120887810,true
"2025-08-05T15:32:04.106000","BNBUSDT",750.84,0.027,1120887806,true
"2025-08-05T15:32:04.098000","BNBUSDT",750.85,0.007,1120887801,true
"2025-08-05T15:32:04.098000","BNBUSDT",750.85,0.007,1120887802,true
"2025-08-05T15:32:04.098000","BNBUSDT",750.85,0.007,1120887803,true
"2025-08-05T15:32:04.098000","BNBUSDT",750.84,0.007,1120887804,true
"2025-08-05T15:32:04.098000","BNBUSDT",750.84,1.653,1120887805,true
"2025-08-05T15:32:04.094000","BNBUSDT",750.88,18.925,1120887795,true
"2025-08-05T15:32:04.094000","BNBUSDT",750.88,0.007,1120887796,true
"2025-08-05T15:32:04.094000","BNBUSDT",750.88,0.007,1120887797,true
"2025-08-05T15:32:04.094000","BNBUSDT",750.88,0.007,1120887798,true
"2025-08-05T15:32:04.094000","BNBUSDT",750.88,0.007,1120887799,true
"2025-08-05T15:32:04.094000","BNBUSDT",750.88,0.007,1120887800,true
"2025-08-05T15:32:04.093000","BNBUSDT",750.88,0.36,1120887790,true
"2025-08-05T15:32:04.093000","BNBUSDT",750.88,2.535,1120887791,true
"2025-08-05T15:32:04.093000","BNBUSDT",750.88,4.32,1120887792,true
"2025-08-05T15:32:04.093000","BNBUSDT",750.88,4.309,1120887793,true
"2025-08-05T15:32:04.093000","BNBUSDT",750.88,12.405,1120887794,true
"2025-08-05T15:32:04.092000","BNBUSDT",750.88,8.64,1120887785,true
"2025-08-05T15:32:04.092000","BNBUSDT",750.88,21.557,1120887786,true
"2025-08-05T15:32:04.092000","BNBUSDT",750.88,0.435,1120887787,true
"2025-08-05T15:32:04.092000","BNBUSDT",750.88,4.32,1120887788,true
"2025-08-05T15:32:04.092000","BNBUSDT",750.88,4.521,1120887789,true
"2025-08-05T15:32:04.091000","BNBUSDT",750.88,2.697,1120887777,true
"2025-08-05T15:32:04.091000","BNBUSDT",750.88,1.868,1120887778,true
"2025-08-05T15:32:04.091000","BNBUSDT",750.88,8.968,1120887779,true
"2025-08-05T15:32:04.091000","BNBUSDT",750.88,4.83,1120887780,true
"2025-08-05T15:32:04.091000","BNBUSDT",750.88,5.467,1120887781,true
"2025-08-05T15:32:04.091000","BNBUSDT",750.88,1.284,1120887782,true
"2025-08-05T15:32:04.091000","BNBUSDT",750.88,1.222,1120887783,true
"2025-08-05T15:32:04.091000","BNBUSDT",750.88,0.754,1120887784,true
"2025-08-05T15:32:04.090000","BNBUSDT",750.88,3.693,1120887761,true
"2025-08-05T15:32:04.090000","BNBUSDT",750.88,7.165,1120887762,true
"2025-08-05T15:32:04.090000","BNBUSDT",750.88,0.435,1120887763,true
"2025-08-05T15:32:04.090000","BNBUSDT",750.88,3.15,1120887764,true
"2025-08-05T15:32:04.090000","BNBUSDT",750.88,4.169,1120887765,true
"2025-08-05T15:32:04.090000","BNBUSDT",750.88,0.872,1120887766,true
"2025-08-05T15:32:04.090000","BNBUSDT",750.88,1.192,1120887767,true
"2025-08-05T15:32:04.090000","BNBUSDT",750.88,13.59,1120887768,true
"2025-08-05T15:32:04.090000","BNBUSDT",750.88,10.075,1120887769,true
"2025-08-05T15:32:04.090000","BNBUSDT",750.88,1.129,1120887770,true
"2025-08-05T15:32:04.090000","BNBUSDT",750.88,2.363,1120887771,true
"2025-08-05T15:32:04.090000","BNBUSDT",750.88,3.822,1120887772,true
"2025-08-05T15:32:04.090000","BNBUSDT",750.88,3.095,1120887773,true
"2025-08-05T15:32:04.090000","BNBUSDT",750.88,1.6,1120887774,true
"2025-08-05T15:32:04.090000","BNBUSDT",750.88,2.031,1120887775,true
"2025-08-05T15:32:04.090000","BNBUSDT",750.88,1.269,1120887776,true
"2025-08-05T15:32:04.089000","BNBUSDT",750.89,0.376,1120887752,true
"2025-08-05T15:32:04.089000","BNBUSDT",750.89,4.0,1120887753,true
"2025-08-05T15:32:04.089000","BNBUSDT",750.89,0.007,1120887754,true
"2025-08-05T15:32:04.089000","BNBUSDT",750.89,0.007,1120887755,true
"2025-08-05T15:32:04.089000","BNBUSDT",750.89,0.007,1120887756,true
"2025-08-05T15:32:04.089000","BNBUSDT",750.89,0.007,1120887757,true
"2025-08-05T15:32:04.089000","BNBUSDT",750.89,0.007,1120887758,true
"2025-08-05T15:32:04.089000","BNBUSDT",750.89,0.007,1120887759,true
"2025-08-05T15:32:04.089000","BNBUSDT",750.89,0.007,1120887760,true
"2025-08-05T15:32:03.932000","BNBUSDT",750.89,0.007,1120887750,true
"2025-08-05T15:32:03.932000","BNBUSDT",750.89,0.023,1120887751,true
"2025-08-05T15:32:03.708000","BNBUSDT",750.89,0.75,1120887749,true
"2025-08-05T15:32:03.688000","BNBUSDT",750.89,0.006,1120887738,true
"2025-08-05T15:32:03.688000","BNBUSDT",750.89,0.125,1120887739,true
"2025-08-05T15:32:03.688000","BNBUSDT",750.89,0.007,1120887740,true
"2025-08-05T15:32:03.688000","BNBUSDT",750.89,0.007,1120887741,true
"2025-08-05T15:32:03.688000","BNBUSDT",750.89,0.007,1120887742,true
"2025-08-05T15:32:03.688000","BNBUSDT",750.89,0.007,1120887743,true
"2025-08-05T15:32:03.688000","BNBUSDT",750.89,0.007,1120887744,true
"2025-08-05T15:32:03.688000","BNBUSDT",750.89,0.007,1120887745,true
"2025-08-05T15:32:03.688000","BNBUSDT",750.89,0.007,1120887746,true
"2025-08-05T15:32:03.688000","BNBUSDT",750.89,0.435,1120887747,true
"2025-08-05T15:32:03.688000","BNBUSDT",750.89,1.101,1120887748,true
"2025-08-05T15:32:03.378000","BNBUSDT",750.89,0.007,1120887733,true
"2025-08-05T15:32:03.378000","BNBUSDT",750.89,0.007,1120887734,true
"2025-08-05T15:32:03.378000","BNBUSDT",750.89,0.007,1120887735,true
"2025-08-05T15:32:03.378000","BNBUSDT",750.89,0.007,1120887736,true
"2025-08-05T15:32:03.378000","BNBUSDT",750.89,0.059,1120887737,true
"2025-08-05T15:32:02.007000","BNBUSDT",750.82,0.007,1120887718,false
"2025-08-05T15:32:02.007000","BNBUSDT",750.82,0.007,1120887719,false
"2025-08-05T15:32:02.007000","BNBUSDT",750.82,0.007,1120887720,false
"2025-08-05T15:32:02.007000","BNBUSDT",750.82,0.007,1120887721,false
"2025-08-05T15:32:02.007000","BNBUSDT",750.82,0.007,1120887722,false
"2025-08-05T15:32:02.007000","BNBUSDT",750.82,0.007,1120887723,false
"2025-08-05T15:32:02.007000","BNBUSDT",750.82,0.007,1120887724,false
"2025-08-05T15:32:02.007000","BNBUSDT",750.82,0.007,1120887725,false
"2025-08-05T15:32:02.007000","BNBUSDT",750.83,0.087,1120887726,false
"2025-08-05T15:32:02.007000","BNBUSDT",750.83,0.007,1120887727,false
"2025-08-05T15:32:02.007000","BNBUSDT",750.83,0.007,1120887728,false
"2025-08-05T15:32:02.007000","BNBUSDT",750.83,0.007,1120887729,false
"2025-08-05T15:32:02.007000","BNBUSDT",750.84,0.007,1120887730,false
"2025-08-05T15:32:02.007000","BNBUSDT",750.85,0.007,1120887731,false
"2025-08-05T15:32:02.007000","BNBUSDT",750.87,0.007,1120887732,false
"2025-08-05T15:32:01.752000","BNBUSDT",750.82,0.006,1120887714,false
"2025-08-05T15:32:01.752000","BNBUSDT",750.82,0.007,1120887715,false
"2025-08-05T15:32:01.752000","BNBUSDT",750.82,0.007,1120887716,false
"2025-08-05T15:32:01.752000","BNBUSDT",750.82,0.18,1120887717,false
"2025-08-05T15:32:01.699000","BNBUSDT",750.82,0.007,1120887711,false
"2025-08-05T15:32:01.699000","BNBUSDT",750.82,0.007,1120887712,false
"2025-08-05T15:32:01.699000","BNBUSDT",750.82,0.001,1120887713,false
"2025-08-05T15:32:01.461000","BNBUSDT",750.81,0.343,1120887710,true
"2025-08-05T15:32:01.364000","BNBUSDT",750.81,0.007,1120887709,false
"2025-08-05T15:32:01.360000","BNBUSDT",750.77,0.106,1120887691,false
"2025-08-05T15:32:01.360000","BNBUSDT",750.77,0.007,1120887692,false
"2025-08-05T15:32:01.360000","BNBUSDT",750.77,0.007,1120887693,false
"2025-08-05T15:32:01.360000","BNBUSDT",750.77,0.007,1120887694,false
"2025-08-05T15:32:01.360000","BNBUSDT",750.77,0.065,1120887695,false
"2025-08-05T15:32:01.360000","BNBUSDT",750.77,0.007,1120887696,false
"2025-08-05T15:32:01.360000","BNBUSDT",750.77,0.007,1120887697,false
"2025-08-05T15:32:01.360000","BNBUSDT",750.77,0.007,1120887698,false
"2025-08-05T15:32:01.360000","BNBUSDT",750.77,0.007,1120887699,false
"2025-08-05T15:32:01.360000","BNBUSDT",750.77,0.024,1120887700,false
"2025-08-05T15:32:01.360000","BNBUSDT",750.77,0.007,1120887701,false
"2025-08-05T15:32:01.360000","BNBUSDT",750.77,0.007,1120887702,false
"2025-08-05T15:32:01.360000","BNBUSDT",750.77,0.007,1120887703,false
"2025-08-05T15:32:01.360000","BNBUSDT",750.78,0.007,1120887704,false
"2025-08-05T15:32:01.360000","BNBUSDT",750.78,0.007,1120887705,false
"2025-08-05T15:32:01.360000","BNBUSDT",750.78,0.621,1120887706,false
"2025-08-05T15:32:01.360000","BNBUSDT",750.78,0.007,1120887707,false
"2025-08-05T15:32:01.360000","BNBUSDT",750.79,0.007,1120887708,false
"2025-08-05T15:32:01.072000","BNBUSDT",750.77,0.007,1120887689,false
"2025-08-05T15:32:01.072000","BNBUSDT",750.77,0.019,1120887690,false
"2025-08-05T15:32:00.447000","BNBUSDT",750.78,0.014,1120887678,true
"2025-08-05T15:32:00.447000","BNBUSDT",750.78,0.007,1120887679,true
"2025-08-05T15:32:00.447000","BNBUSDT",750.78,0.007,1120887680,true
"2025-08-05T15:32:00.447000","BNBUSDT",750.78,0.013,1120887681,true
"2025-08-05T15:32:00.447000","BNBUSDT",750.78,0.007,1120887682,true
"2025-08-05T15:32:00.447000","BNBUSDT",750.78,0.007,1120887683,true
"2025-08-05T15:32:00.447000","BNBUSDT",750.78,0.007,1120887684,true
"2025-08-05T15:32:00.447000","BNBUSDT",750.77,0.014,1120887685,true
"2025-08-05T15:32:00.447000","BNBUSDT",750.77,0.007,1120887686,true
"2025-08-05T15:32:00.447000","BNBUSDT",750.77,0.007,1120887687,true
"2025-08-05T15:32:00.447000","BNBUSDT",750.77,0.007,1120887688,true
"2025-08-05T15:32:00.230000","BNBUSDT",750.79,0.021,1120887677,false
"2025-08-05T15:32:00.036000","BNBUSDT",750.79,0.36,1120887676,false
"2025-08-05T15:32:00.007000","BNBUSDT",750.84,0.007,1120887663,true
"2025-08-05T15:32:00.007000","BNBUSDT",750.84,0.007,1120887664,true
"2025-08-05T15:32:00.007000","BNBUSDT",750.84,0.007,1120887665,true
"2025-08-05T15:32:00.007000","BNBUSDT",750.84,0.007,1120887666,true
"2025-08-05T15:32:00.007000","BNBUSDT",750.83,0.007,1120887667,true
"2025-08-05T15:32:00.007000","BNBUSDT",750.83,0.007,1120887668,true
"2025-08-05T15:32:00.007000","BNBUSDT",750.83,0.007,1120887669,true
"2025-08-05T15:32:00.007000","BNBUSDT",750.82,0.014,1120887670,true
"2025-08-05T15:32:00.007000","BNBUSDT",750.82,0.007,1120887671,true
"2025-08-05T15:32:00.007000","BNBUSDT",750.8,0.007,1120887672,true
"2025-08-05T15:32:00.007000","BNBUSDT",750.8,0.007,1120887673,true
"2025-08-05T15:32:00.007000","BNBUSDT",750.79,0.014,1120887674,true
"2025-08-05T15:32:00.007000","BNBUSDT",750.79,0.007,1120887675,true
"2025-08-05T15:31:59.839000","BNBUSDT",750.84,0.007,1120887659,true
"2025-08-05T15:31:59.839000","BNBUSDT",750.84,0.007,1120887660,true
"2025-08-05T15:31:59.839000","BNBUSDT",750.84,0.007,1120887661,true
"2025-08-05T15:31:59.839000","BNBUSDT",750.84,0.007,1120887662,true
"2025-08-05T15:31:59.791000","BNBUSDT",750.85,0.007,1120887654,true
"2025-08-05T15:31:59.791000","BNBUSDT",750.85,0.007,1120887655,true
"2025-08-05T15:31:59.791000","BNBUSDT",750.85,0.007,1120887656,true
"2025-08-05T15:31:59.791000","BNBUSDT",750.85,0.007,1120887657,true
"2025-08-05T15:31:59.791000","BNBUSDT",750.85,0.007,1120887658,true
"2025-08-05T15:31:59.007000","BNBUSDT",750.89,0.125,1120887641,true
"2025-08-05T15:31:59.007000","BNBUSDT",750.89,0.065,1120887642,true
"2025-08-05T15:31:59.007000","BNBUSDT",750.89,0.007,1120887643,true
"2025-08-05T15:31:59.007000","BNBUSDT",750.89,0.007,1120887644,true
"2025-08-05T15:31:59.007000","BNBUSDT",750.89,0.007,1120887645,true
